2698 4444
317 417 393 520 146
476 409 543 488 Da
572 408 807 488 Nanuua
836 412 1081 492 Dtouutt

371 563 524 630 sectemus;
544 575 635 620 tamen
647 560 717 620 haec
730 559 758 619 in
773 561 852 620 nobis
865 559 927 639 ipsrs
940 560 986 621 srta
998 561 1135 623 videmus:
1157 551 1233 642 Spei,
1267 626 1269 630 ¹
1333 571 1334 606 1

373 655 487 730 Salutis,
499 656 580 734 Opis,
593 655 735 717 Victoriae
744 657 860 717 facultas
872 660 887 718 d
899 657 954 718 Dis
966 661 1113 737 expetenda
1123 660 1170 720 cll.
1183 658 1231 716 lna

371 753 522 835 proborum
537 753 621 837 igilur
632 742 823 832 prosperitates
836 756 1018 835 secundaeque
1039 777 1080 816 res
1099 759 1232 837 redargu-

371 869 421 914 unt
433 858 444 927 (
454 869 484 912 ut
496 851 637 932 Diogenes
649 849 778 926 dicebat)
791 847 846 912 vim
868 873 979 912 omnem
1003 853 1122 912 Deorum
1135 873 1167 912 ac
1180 873 1232 928 po·

315 964 348 1026 37
371 947 501 1006 testatem.
538 947 580 1005 At
601 964 806 1024 nonnumquam
833 945 922 1006 bonos
942 944 1233 1006 exitushabentboni.

372 1044 428 1102 Eos
439 1041 546 1120 quidem
559 1039 720 1120 adripimus,
742 1043 971 1124 adtribuimusque
991 1042 1045 1103 stne
1058 1043 1114 1104 ulla
1127 1039 1233 1100 ratione

372 1139 426 1200 Dn
437 1138 637 1200 inmortalibus.
658 1142 700 1201 At
713 1139 858 1222 Diagoras,
871 1141 934 1202 cirm
949 1141 1164 1202 Samothraciam
1185 1158 1234 1197 ve-

373 1235 465 1313 nisset,
478 1238 587 1300 Atheos
606 1237 657 1298 ille
680 1237 726 1318 qui
738 1238 849 1314 dicitur,
868 1257 947 1318 atque
959 1239 986 1300 ei
999 1239 1109 1318 quidam
1122 1236 1238 1308 amicus,
1333 1231 1334 1246 ¹

374 1347 416 1409 lle,
435 1342 477 1417 qvi
489 1345 629 1416 Derrpvtes
638 1339 743 1427 hrrnnna
756 1340 880 1414 negligere,
889 1360 960 1398 nonne
972 1341 1154 1397 animadvertis
1162 1358 1191 1394 err
1200 1348 1236 1392 tut

372 1429 462 1488 tabnd'r
469 1435 553 1508 pislis,
576 1452 649 1510 qnam
669 1433 740 1489 multi
752 1437 818 1490 voris
835 1439 891 1490 ‘vim
903 1436 1047 1512 tnnpqsan's
1059 1432 1190 1508 ffegerr‘nt,
1209 1435 1239 1484 in

368 1543 506 1608 portamque
511 1530 585 1609 firlvi
592 1531 773 1608 pervenerint?
786 1531 876 1608 Irafit,
889 1529 973 1610 inquit
984 1555 991 1588 t
1004 1533 1041 1588 in·
1050 1538 1113 1588 naim
1125 1531 1238 1608 nrqqnanr

369 1632 433 1705 pisse·
439 1628 506 1708 frent,
518 1633 560 1708 qni
573 1629 702 1707 naufragia
709 1629 827 1708 fecerunt,
838 1637 865 1687 in
873 1637 980 1710 marique
987 1638 1117 1708 perierunt.
1144 1629 1240 1708 ldem-

376 1747 438 1806 que,
449 1727 513 1787 calm
526 1726 554 1787 ei
566 1727 706 1810 naviganti
718 1729 843 1799 veclores
855 1731 966 1790 adversa
985 1729 1141 1806 tempestate
1162 1724 1242 1786 timi-

375 1826 407 1886 di
418 1829 448 1887 &
462 1827 598 1904 perterriti
610 1828 744 1906 dicerent,
757 1849 814 1892 non
827 1828 924 1912 injuria
937 1828 987 1888 irbi
1008 1829 1081 1888 illud
1102 1825 1244 1898 accidere,

375 1924 423 2004 qui
435 1925 517 1986 illum
530 1925 559 1986 in
571 1928 687 1988 eandem
700 1948 798 1988 navem
819 1927 994 2007 recepislent:
1022 1925 1138 1986 ostendit
1157 1925 1200 1984 eis
1214 1922 1244 1981 itt

374 2022 473 2078 eodem
486 2024 565 2080 cursu
578 2025 679 2084 multas
691 2023 758 2084 alias
770 2026 926 2085 laborantes
937 2048 946 2097 3
966 2023 1158 2104 quaesivitque,
1170 2041 1243 2080 num

375 2117 461 2178 etiarn
473 2114 503 2174 in
512 2114 545 2174 iis
553 2117 666 2176 navibus
678 2119 830 2198 Diagoram
841 2123 907 2182 vehi
919 2125 1070 2182 crederent.
1104 2119 1152 2180 Sic
1164 2119 1246 2178 enim

375 2235 419 2275 res
431 2213 457 2274 se
470 2211 564 2288 habet,
574 2228 604 2273 ut
618 2213 653 2270 ad
664 2215 819 2290 prosperam
827 2217 1003 2275 adversamve
1015 2217 1166 2288 fortunam,
1175 2237 1247 2294 qua-

321 2313 357 2391 38
377 2307 412 2368 lis
424 2308 467 2382 srs,
476 2324 524 2366 aut
536 2307 763 2386 quemadmodum
776 2305 887 2378 vixeris,
900 2307 972 2390 nibil
984 2306 1098 2367 interfit.
1129 2310 1201 2370 Non
1212 2331 1248 2368 a-

378 2405 592 2478 nimadvertunt,
605 2401 704 2482 inquit,
717 2403 810 2462 omnia
823 2403 863 2462 Dt
874 2423 882 2472 ;
893 2423 928 2462 ne
938 2424 1015 2484 teges
1026 2404 1148 2484 quidem.
1164 2407 1249 2488 Qvid

376 2505 416 2566 est
429 2503 516 2564 strnile
528 2511 536 2562 l
557 2503 650 2584 Reges
662 2500 764 2562 enimsi
776 2501 888 2561 scientes
899 2501 1129 2580 praetermittunt,
1142 2525 1247 2586 magna

314 2664 321 2685 s
377 2602 459 2680 culpa
472 2578 519 2659 elt.
557 2601 598 2657 At
611 2599 675 2658 Deo
687 2619 722 2658 ne
734 2598 874 2659 excusatio
892 2599 1003 2678 quidem
1015 2600 1055 2659 est
1067 2600 1249 2672 inscientiam

380 2719 460 2778 quem
473 2717 522 2756 vos
533 2695 672 2775 praeclari
686 2694 842 2770 defenditis,
854 2697 919 2756 citm
931 2695 1033 2770 dicitis,
1045 2719 1106 2757 eam
1119 2699 1175 2758 vim
1186 2701 1251 2762 De-

378 2815 458 2856 orum
471 2795 535 2870 esse,
548 2811 589 2868 ut,
601 2792 683 2854 ctiam
696 2791 717 2852 st
730 2792 790 2871 quis
802 2811 891 2855 morte
904 2815 1004 2875 poenas
1016 2795 1124 2855 sceleris
1134 2796 1249 2880 esinge-

378 2895 426 2968 rit,
437 2907 598 2970 expetantur
609 2910 658 2949 eae
670 2909 773 2967 poenae
783 2891 797 2946 a
807 2889 912 2967 liberis,
923 2889 1103 2970 anepotibus,
1126 2895 1142 2950 d
1154 2895 1252 2971 poste-

379 2991 424 3054 tis.
446 2991 474 3051 Ο
488 2989 584 3050 miram
598 2986 764 3066 aequitatem
778 2986 921 3048 Deorum!
941 2988 1074 3050 Ferretne
1087 2990 1187 3051 civitas
1203 2993 1251 3054 ul-

379 3084 407 3147 le
421 3082 537 3142 latorem
551 3078 701 3140 istiusmodi
714 3077 794 3162 legis,
807 3097 837 3142 ut
857 3081 1086 3144 condemnaretur
1099 3080 1188 3160 filius,
1201 3077 1251 3146 aut

380 3198 475 3258 nepos,
488 3175 507 3236 sr
520 3193 608 3255 pater,
620 3194 665 3237 aut
677 3197 744 3236 avus
756 3175 929 3256 deliquisset?

436 3285 547 3369 Qr‘nnrn
559 3279 739 3336 narrandarum
751 3277 904 3334 internecioni
915 3281 993 3336 medat

435 3375 560 3433 Paratur?
580 3363 624 3432 nrt
636 3397 753 3454 quaenam
765 3395 876 3452 nmquam
888 3376 915 3432 rb
924 3390 1023 3434 mortem
1035 3379 1130 3458 Λψῑὶἰί

436 3461 519 3511 Poenis
530 3455 618 3511 lamnis
631 3453 728 3512 dabitur
734 3459 817 3531 jurias
823 3453 942 3530 ssrpplici?

383 3547 487 3611 Utrum
498 3564 596 3626 poetae
611 3549 719 3611 Stoicos
732 3548 916 3629 depravarint,
939 3569 974 3610 an
993 3548 1083 3612 Stoici
1093 3545 1181 3636 poetis
1195 3549 1250 3608 de-

601 3656 604 3664 ’
638 3659 641 3667 ’
1150 3643 1249 3705 der-int
