2698 4444
425 338 637 480 emti
674 369 745 464 m.
974 392 1053 504 sn

24 517 29 528 ¹
136 533 190 608 quo
203 521 288 594 modo
306 521 351 595 ilii
373 536 455 592 sunt?
495 523 569 594 Vide
590 521 686 616 igitur,
699 535 734 596 rie
748 521 891 598 'virtutibus
903 527 997 604 homi.

132 633 200 688 n'tnn
214 629 257 690 isti
270 633 391 722 honores
403 631 568 705 habeantur,
580 645 637 690 non
648 631 908 696 inmortalitatib‘us:
922 645 997 718 quod

130 737 160 784 tu
172 737 294 805 quoque,
314 725 413 803 Balbe,
434 726 504 787 visus
523 748 554 788 es
578 727 678 794 dicere.
718 728 784 814 Qto
807 738 892 796 modo
904 756 997 802 autem

128 840 217 900 potes,
247 822 267 885 ss
292 826 431 886 Latonam
453 829 533 886 deam
556 844 646 906 putas,
672 832 807 894 Hecatam
820 854 1003 914 nonputarep.

126 936 192 994 quae
206 935 292 981 matre·
303 920 410 984 Asteria
422 924 471 1000 est,
491 926 583 983 sorore
597 925 744 988 Latonae?
783 931 831 989 An
841 931 910 991 haec
923 953 993 1012 quoa

99 1029 100 1034 ’
127 1031 182 1088 que
197 1017 250 1077 dea
262 1017 320 1080 est?
333 1015 451 1080 vidimus
463 1010 538 1079 enim
551 1019 674 1100 ejusaras
683 1023 853 1104 delubraque
864 1025 893 1086 in
905 1030 995 1090 Graea

124 1119 174 1180 cia.
196 1115 248 1177 Sin
259 1119 328 1178 haec
337 1123 389 1180 dea
402 1117 451 1192 est,
466 1126 516 1177 dur
529 1136 585 1177 non
599 1117 784 1182 Eumenidest
804 1143 874 1200 quae
891 1121 992 1185 fideae

123 1216 196 1287 sunt,
217 1225 329 1292 quarum
339 1218 370 1277 ὃς
384 1214 506 1274 Athenis
517 1213 611 1274 fanum
624 1214 674 1287 est,
692 1215 723 1274 δε
736 1217 810 1293 apud
822 1238 883 1292 nos,
896 1236 927 1280 ut
935 1241 990 1301 ego

125 1311 304 1390 interpretor,
324 1313 404 1374 lucus
418 1311 559 1383 Furinae;
579 1309 679 1370 Furiae
698 1311 764 1372 deae
785 1315 854 1387 sunt,
873 1315 993 1394 specula.

124 1409 218 1484 trices,
237 1413 332 1486 credo,
351 1410 515 1474 &vindices
527 1411 678 1474 facinorum
694 1411 725 1470 δε
749 1411 867 1475 sceleris
906 1402 991 1496 Qm'd

123 1509 143 1568 st
158 1511 228 1570 tales
239 1510 280 1596 Di
293 1513 364 1582 sunt,
383 1531 415 1572 ut
427 1512 507 1572 rebus
520 1509 647 1572 humanis
660 1509 800 1584 intersint;
820 1512 907 1572 Natio
920 1535 989 1594 quo·
1018 1549 1023 1565 x

120 1627 186 1686 que,
206 1609 257 1701 dep¹
275 1611 394 1686 putanda
406 1610 464 1670 est:
493 1606 551 1683 aui,
569 1609 634 1669 crim
648 1607 712 1667 fana
725 1607 902 1668 circumimus
914 1609 944 1670 in
956 1633 987 1670 a-

122 1723 175 1786 gro
189 1709 317 1781 Ardeati,
337 1729 394 1770 rem
414 1707 537 1768 divinam
559 1707 649 1768 facere
662 1706 798 1768 solemus:
827 1727 907 1785 quaep
927 1710 988 1787 quia

118 1816 212 1880 partus
229 1821 422 1868 matronarum
436 1820 556 1878 tueatnr5
589 1803 786 1866 enascentibus
797 1800 885 1860 Natio
897 1803 989 1863 nomia

89 1923 90 1930 ¹
116 1900 242 1960 nataest.
267 1898 489 1969 ·Eassdeaest;
509 1900 550 1959 Di
575 1919 671 1964 omnes
688 1900 733 1959 illi
754 1898 801 1978 qui
818 1919 989 1960 commemo-

118 1995 253 2059 rabantur
274 1997 289 2056 ἑ
311 2014 351 2072 ιο,
370 1999 480 2072 Honos,
498 1995 593 2070 Fides,
613 1997 709 2071 Mens,
727 1994 903 2056 Concordiae
919 2017 987 2078 ergo

113 2093 199 2156 etiam
214 2098 292 2176 Spes,
311 2096 443 2171 Moneta,
463 2095 606 2174 omniaque
630 2115 698 2174 quae
715 2094 883 2178 cogitatione
895 2097 987 2158 nonin

117 2191 238 2272 metipsi
248 2195 387 2274 possumus
404 2193 518 2278 fingere.
557 2193 674 2274 Qiod'sr
688 2193 745 2254 veri
758 2193 846 2252 simile
858 2213 914 2251 non
927 2195 985 2266 estt

110 2306 146 2352 ne
159 2289 231 2352 iliud
249 2293 358 2371 quidem
378 2291 428 2364 est3
447 2293 516 2350 haec
527 2291 601 2346 unde
614 2288 759 2348 fluxerunt.
798 2283 872 2366 Quid
884 2303 977 2380 autem
1001 2306 1036 2370 19

113 2387 205 2450 dicisi
235 2389 255 2448 fi
276 2389 317 2447 Dt
340 2390 400 2446 sunt
423 2379 469 2444 nn
488 2405 553 2463 quos
565 2382 682 2442 colimus
694 2384 727 2442 dc
746 2380 895 2460 accipimus
904 2404 914 2455 ς
933 2404 984 2446 cur

111 2499 171 2548 non
188 2487 289 2546 eodem
308 2483 339 2545 in
363 2502 464 2566 genere
490 2478 615 2558 Serapim
642 2476 757 2559 Isimque
782 2487 989 2542 numeremus?v

108 2586 186 2666 quod
198 2583 219 2643 st
231 2581 357 2656 facimus,
380 2578 617 2650 curbarbarorum
626 2577 703 2638 Deos
715 2578 909 2658 repudiemus?
929 2580 986 2642 Bo.
1028 2575 1036 2588 “

109 2684 265 2767 tetigitur,
277 2685 309 2746 &
328 2693 422 2761 equos,
431 2679 496 2754 ibis,
513 2677 667 2757 accipitres,
684 2677 798 2758 aspidas,
816 2677 984 2756 crocodilos,

107 2781 205 2863 pisces,
224 2793 315 2857 canes,
335 2780 429 2859 lupos,
447 2775 522 2851 felis,
542 2775 640 2836 multas
662 2791 800 2854 praeterea
821 2776 928 2851 beluas,
948 2775 978 2836 in

109 2879 240 2944 Deorum
266 2899 384 2940 numero
407 2893 592 2955 reponemus:
608 2897 609 2900 ¹
623 2893 692 2950 quae
706 2871 725 2933 sr
739 2873 893 2954 rejiciamus
906 2896 915 2945 ;
945 2873 982 2934 il·

104 2980 134 3041 la
146 2995 264 3060 quoque,
278 2978 349 3041 unde
363 2978 433 3036 haec
444 2988 509 3033 nata
523 2972 594 3046 sunt,
613 2969 775 3054 rejiciemus.
813 2968 890 3050 Qtid
903 2959 982 3034 aein-

106 3079 142 3140 de
153 3087 165 3141 3
185 3079 240 3140 ino
253 3077 315 3138 Dea
328 3073 450 3145 dicetur,
468 3089 538 3149 quae
552 3067 718 3129 Leucothea
731 3069 746 3126 d
759 3065 884 3142 Graecia,
903 3068 983 3127 aino-

103 3173 147 3234 bis
162 3173 277 3233 Matuta
288 3163 402 3246 dicitur,
420 3170 486 3232 enm
498 3167 531 3228 srt
551 3166 652 3228 Cadmi
672 3164 753 3225 filias
790 3164 874 3224 Circe
886 3181 981 3224 autem

101 3275 135 3338 δι
149 3271 295 3350 Pafiphae,
314 3273 367 3340 [de
388 3271 461 3344 Aee,
480 3268 529 3348 le
552 3265 689 3338 Perseide,
708 3263 817 3326 Oceani
841 3259 915 3337 filia,
934 3281 985 3321 na-

108 3383 166 3446 tae,
186 3387 265 3451 patre
278 3367 356 3445 Sole,
375 3367 405 3429 in
426 3369 554 3429 Deorum
576 3383 694 3426 numero
716 3382 773 3425 non
788 3361 983 3422 habebuntur-t

103 3489 271 3554 quamquam
281 3470 386 3534 Circen
401 3488 510 3550 quoque
522 3466 618 3528 coloni
629 3463 715 3526 nostri
727 3461 896 3524 Circeienses
910 3457 978 3518 reli·

100 3573 177 3654 giose
204 3571 313 3636 colunt.
350 3571 427 3655 Ergo
448 3549 614 3636 hancde'am
636 3565 725 3628 dicis?
763 3560 840 3644 Qrid
862 3558 980 3618 Medeae

543 3663 561 3726 1
826 3649 998 3734 respondebis
1016 3649 1031 3729 i
