2698 4444
426 409 626 490 Linon
653 391 723 492 al.
974 429 1028 517 97

112 553 454 628 nalunrurucedncamur
476 565 531 644 ipsa
553 573 603 644 per
627 565 688 625 sele.
727 552 969 648 Jamgallinaea'-
1010 617 1015 634 r

109 663 197 738 temne
215 663 335 744 reliquae
350 668 381 726 &
395 663 515 741 quletum
541 667 680 742 requlru‘nt
693 667 728 722 ad
748 664 909 744 pariendum
923 667 967 724 lo-

104 767 172 830 tum,
201 761 233 818 δε
252 760 357 820 cubilia
371 757 421 818 fibi
434 760 564 837 nldolque'
578 747 750 834 construunt,
769 763 866 838 eosque
888 763 969 840 qudnr

102 849 206 927 pellunt
229 853 386 916 molliffimlt
410 856 592 928 substernunt,
622 873 653 914 ut
674 857 754 936 qudm
769 855 903 918 facillime
917 869 970 918 ova

42 1010 46 1034 Ι
103 944 248 1010 ¹serventur.
287 951 330 1010 Ex
344 953 441 1032 quibus
454 955 546 1030 pullos
557 955 621 1014 edm
642 953 817 1028 excluserint,
839 954 876 1014 ita
890 972 970 1038 ιιιειι-Ι

102 1055 154 1118 tur,
173 1049 248 1136 ut&
261 1048 359 1125 pennis
370 1049 494 1124 foveant,
522 1072 558 1110 ne
580 1051 683 1132 frigore
703 1052 848 1111 laedantur
859 1072 867 1122 ;
887 1051 928 1122 dt,
948 1047 969 1110 st

98 1143 174 1209 'calor
187 1137 204 1204 ὲ
218 1145 286 1218 sole,
305 1146 494 1225 seopponant.
533 1149 607 1210 Crlm‘
633 1161 725 1208 autem
745 1148 818 1226 pulli
843 1147 970 1228 pennulis

98 1241 140 1302 pti
154 1242 272 1322 pollunt,
284 1258 342 1304 tum
355 1245 464 1304 volatus
481 1267 578 1308 eorum
589 1263 689 1308 matres
698 1248 894 1326 prosequuntur
907 1269 914 1316 ;
925 1267 971 1306 rea

95 1329 173 1416 liqui
186 1343 250 1404 euri
264 1342 426 1404 liberantur.
445 1346 566 1406 Accedit
579 1345 663 1406 etiam
677 1347 712 1404 ad
725 1345 926 1404 nonnullorum
940 1363 970 1402 a-

26 1473 28 1478 *
96 1435 278 1514 trimontium,
297 1443 327 1502 δι
336 1460 429 1500 earum
443 1453 537 1504 r'er'um
548 1464 614 1523 quas
626 1456 699 1504 terra
711 1441 812 1524 gignit,
824 1441 967 1500 conserva-

96 1533 206 1598 tionem
220 1541 251 1600 &
266 1539 390 1616 salutem,
410 1528 556 1602 hominum
568 1541 652 1602 etium
666 1529 828 1602 sollertia&
848 1540 969 1622 dlligen-

97 1632 144 1696 tie
185 1625 264 1712 Nam
279 1638 381 1698 multae
400 1631 431 1700 dc
450 1642 615 1718 pecudes&
638 1641 814 1720 stirpessunt,
832 1651 899 1719 quae
913 1639 968 1698 sme'

95 1729 293 1809 procuratione
306 1721 453 1827 hominum
466 1735 556 1798 saluae
569 1736 692 1798 ellenon
705 1735 864 1826 polluam)
866 1737 968 1816 lagnae'

93 1833 180 1916 etiam
190 1820 405 1910 opportunitates
416 1836 451 1893 ad
464 1835 571 1894 cultum
581 1833 724 1898 hominum
734 1847 814 1915 atque¹
827 1834 969 1896 abundati—
982 1828 994 1848 ⁹

95 1926 166 2021 tiam
179 1927 254 1986 aliae
267 1924 349 1986 alii's
342 1945 371 1986 tn
393 1927 464 1989 locis
486 1928 672 2008 reperiuntur.
710 1931 791 2010 Aeg)
793 1945 870 2008 ptum
884 1926 970 1988 Nilus

93 2013 214 2108 inrigat,
234 2026 276 2098 dt,
295 2025 360 2084 clim
383 2039 441 2086 tuta
463 2029 562 2090 aestate
574 2028 701 2088 obturant
715 2028 906 2108 oppletamque
924 2037 967 2086 te-

92 2123 173 2196 nuit,
193 2139 255 2182 tum
269 2123 384 2198 recedit,
404 2123 578 2206 mollitofique
589 2127 620 2186 dt
633 2124 781 2187 oblimatos
791 2146 879 2210 agros
879 2125 913 2182 ad
927 2125 968 2182 se:

89 2223 212 2283 rendum
227 2220 365 2302 relinquit
404 2223 638 2304 Mesopotamiam
656 2222 778 2282 fertilem
802 2217 888 2278 efficit
912 2219 968 2276 Eu-

88 2322 225 2398 phrates:
248 2321 276 2381 ln
289 2335 370 2402 quam
383 2324 528 2400 quotannis
551 2315 621 2398 quali
643 2331 730 2376 noros
752 2330 833 2396 agros
854 2314 1007 2374 invehit

88 2416 178 2480 Indus
191 2415 274 2488 verd,
293 2434 342 2492 qut
332 2416 392 2474 est
407 2415 532 2472 omniurn
546 2410 688 2470 fluminum
701 2431 856 2484 maxumus,
869 2431 926 2470 non
939 2431 969 2470 a-

87 2533 142 2592 qua
155 2512 252 2571 solrlm
265 2532 346 2592 agros
357 2507 490 2570 laetificat
501 2513 532 2570 de
546 2506 663 2594 mitigat,
685 2509 727 2568 led
738 2529 785 2568 eos
797 2511 880 2577 etiam
899 2531 968 2570 con·

86 2608 177 2669 serit:
203 2627 335 2690 magnam
348 2605 423 2666 enim
433 2605 489 2666 vim
505 2605 636 2666 seminum
649 2609 738 2666 seeum
752 2605 839 2666 frume
825 2623 882 2665 ntr
874 2606 968 2666 frmi·

84 2699 160 2774 lium
173 2705 280 2768 dleltur
293 2707 444 2786 deportare.
475 2705 619 2784 Multaque
632 2706 707 2764 alia
694 2723 727 2768 ιιι
738 2703 799 2766 aliis
812 2707 967 2766 loeiseom-

87 2804 292 2872 memorabilia
310 2805 433 2884 proferre
445 2801 569 2882 pullum:
590 2802 693 2876 multos
712 2803 816 2870 fertiles
828 2827 918 2886 agros,
937 2826 966 2863 a-

84 2907 143 2969 lius
161 2903 290 2986 aliorum
302 2905 452 2968 fruetuum.
491 2903 548 2960 Sed
565 2901 616 2960 illa
634 2917 732 2980 quanta
752 2902 906 2984 benignitas
919 2925 965 2961 na·
989 2913 1021 2986 53
1057 2943 1060 2952 ‚

85 3013 182 3079 lurae,
202 3003 278 3084 quod
291 3019 347 3062 tam
361 3001 449 3062 multa
461 3002 496 3060 ad
512 3000 685 3081 vescendum,
705 3013 760 3060 tam
775 3003 860 3072 varia,
869 3005 899 3062 &
909 3019 965 3062 tam

81 3105 215 3189 jucunda
229 3102 341 3184 gignit?
361 3121 446 3180 neque
458 3122 491 3160 ea
504 3119 560 3158 uno
577 3101 700 3192 tempore
719 3099 795 3174 anni,
814 3122 843 3160 ur
864 3101 966 3180 semper

84 3207 118 3268 dt
134 3198 268 3262 novitate
280 3198 520 3260 deledlemur&
505 3197 594 3275 eopn
633 3185 694 3277 Qrd
696 3219 722 3256 m
735 3197 906 3284 tempestiuus
918 3221 964 3264 au·-

83 3315 146 3362 tem
161 3283 260 3368 dedit,
278 3289 354 3373 qudm
372 3295 523 3388 salutares
518 3316 575 3354 non
596 3295 680 3354 modo
703 3293 860 3370 hominum,-
879 3299 924 3355 sed
936 3320 966 3358 e-

83 3399 157 3462 tlam
170 3395 318 3478 pecudum
331 3381 436 3475 generi,
466 3394 499 3454 iis
521 3394 638 3472 denique
664 3416 741 3454 omnl
732 3394 792 3454 ibus
818 3417 886 3506 quae
906 3399 966 3458 ori-

85 3514 208 3562 unture
223 3508 311 3564 terro,
331 3507 427 3552 ventos
442 3482 614 3552 Etesraslr
588 3511 702 3570 quorum
717 3490 825 3556 flatu
798 3515 854 3556 um
859 3493 878 3552 ii
891 3511 965 3552 tem·

85 3611 257 3681 peramat
242 3589 359 3654 ealotes.
399 3589 447 3652 Ab
460 3588 555 3650 iildem
568 3589 652 3650 etiam
667 3589 821 3664 maritumi
796 3591 906 3654 “cursus
918 3611 965 3650 ce-

564 3687 593 3744 G
