2694 4428
495 271 800 408 Ltnnull.
1033 353 1156 436 ¹03·

165 473 293 564 'militer
304 499 392 554 nares,
411 499 481 558 quae
494 479 600 558 semper
612 492 726 557 propter
737 477 894 538 necessarias
915 473 1050 537 utilitates
1143 514 1150 523 κ

175 593 291 654 patent,
302 578 499 642 contrastiores
511 580 615 638 habent
632 567 763 638 introitus
769 599 777 648 ;
809 598 844 637 ne
869 578 933 658 quid
952 578 981 638 in
992 599 1049 652 eas,
1082 655 1084 664 Ι

175 679 259 754 quod
272 696 381 754 noceat,
393 678 472 760 poffit
483 679 650 757 pervadere:
671 677 868 755 humoremque
880 676 985 754 semper
996 677 1048 736 ha-

172 768 250 832 b'ent
260 775 296 832 ad
309 775 452 852 pulverem
469 771 606 852 multaque
624 769 679 830 alia
700 769 865 851 depellenda
886 790 942 830 non
964 769 1048 833 inuti-
1145 793 1146 796 ¹

172 864 249 928 lem.
289 868 415 930 Gustatus
427 867 566 948 praeclare
585 865 674 945 septus
681 859 723 926 'est
730 890 741 942 ,²
774 885 824 924 ore
836 864 911 926 enim
923 865 1048 925 contine·

172 979 239 1037 tur,
271 967 304 1024 dc
325 967 361 1024 ad
383 967 459 1028 usum
482 964 555 1044 apti,
574 966 652 1026 &ad
671 961 868 1026 incolumitatis
885 962 1062 1027 custodiam..

170 1064 331 1144 Omnisque
344 1065 433 1124 sensus
444 1065 589 1124 hominum
602 1062 693 1122 multo
711 1063 854 1124 antecellit
860 1061 984 1124 senfibus
996 1063 1044 1125 be-
1065 1069 1100 1144 58

169 1162 298 1222 stiarum.
337 1163 461 1223 Primum
473 1163 547 1223 enim
561 1162 637 1222 oculi
650 1159 678 1219 in
692 1161 735 1220 his
746 1157 861 1237 artibus,
877 1184 987 1243 quatum
997 1165 1042 1244 ju-

173 1258 285 1321 dicium
298 1261 338 1322 ust
360 1261 518 1336 oculorum,
546 1261 574 1320 in
596 1259 689 1340 pistis,
708 1258 791 1334 fieris,
809 1261 972 1341 caelatisque
983 1263 1041 1322 sor-

172 1359 244 1433 mis,
264 1360 292 1421 in
303 1382 452 1441 corporum
468 1362 553 1422 etiam
566 1360 690 1421 motione
702 1376 781 1440 atque
793 1361 868 1442 gestu
882 1359 970 1420 multa
981 1382 1042 1424 cer-

160 1475 250 1546 xnunt
262 1460 403 1523 subtilius:
423 1461 548 1524 colorum
560 1460 645 1522 etiarn
663 1463 695 1522 dt
715 1459 865 1542 figurarum
879 1466 978 1535 [tum]
993 1484 1039 1522 ve-

169 1556 309 1619 nustatem
322 1577 401 1641 atque
414 1561 552 1634 ordinem,
582 1564 625 1635 dt,
654 1576 686 1620 ut
705 1558 745 1619 its
765 1560 866 1634 dicam,
886 1560 1040 1622 decentiam

155 1654 404 1738 .voculijudicant;
424 1675 501 1738 atque
512 1656 595 1717 etiarn
608 1655 663 1716 alia
677 1657 796 1738 majora:
826 1676 890 1717 num
902 1659 934 1719 uc
952 1656 1039 1718 virtu-

170 1769 228 1828 tes,
246 1758 278 1817 dt
291 1755 358 1816 vitia
377 1756 561 1840 cognoscunt:
593 1756 701 1830 iratum,
733 1755 904 1836 propitium
933 1756 1041 1816 lactan·
1127 1785 1132 1796 ·

170 1861 243 1924 tem,
261 1851 424 1926 dolentem3
445 1854 556 1927 fortem,
575 1850 703 1934 ignavum
715 1873 732 1940 ς,
742 1854 882 1924 audacem,
893 1851 1036 1912 timidum-

142 1987 145 1993 ·
169 1966 225 2024 que
237 1951 411 2034 cognoscunt.
433 1948 619 2034 ¹Auriumque
632 1948 698 2008 item
711 1948 750 2008 est
768 1948 931 2010 admirabile
949 1953 1032 2030 quod—

169 2047 238 2108 dam
250 2048 481 2128 artificiosumque
493 2046 640 2130 judicium,
659 2067 713 2128 quo
722 2047 903 2128 judicatur&
916 2047 1033 2118 invocis

172 2144 206 2204 dt
218 2141 247 2204 in
259 2144 387 2210 tibiarum
400 2164 597 2224 nervorumque
617 2143 742 2206 cantibus
759 2144 875 2206 varietas
894 2147 1034 2220 sonorum,

170 2240 330 2319 intervalla,
348 2241 498 2319 distinctio,
516 2241 638 2305 &vocis
656 2263 757 2322 genera
778 2243 930 2320 permulta:
949 2263 1034 2303 cano-

170 2363 247 2416 tum,
262 2341 386 2402 fuscum:
405 2342 495 2412 laeve,
513 2339 662 2416 asperum:
681 2359 777 2420 grave,
796 2352 921 2398 acutumz
953 2337 1034 2398 flexi-

172 2437 242 2512 bile,
261 2439 380 2500 durum:
400 2457 468 2516 quae
481 2435 628 2496 hominum
645 2435 734 2495 solnm
746 2435 856 2497 auribus
870 2436 1033 2518 judicantur.

175 2537 347 2616 Nariumque
360 2534 436 2609 item,
455 2537 486 2596 δι
499 2535 624 2618 gustandi
634 2536 737 2616 pariter
748 2539 780 2600 ὃς
792 2536 922 2620 tangendi
935 2559 1033 2620 magna
1057 2577 1059 2585 ι

164 2633 273 2718 judicia
286 2633 355 2693 sunt.
391 2635 439 2694 Ad
452 2653 518 2714 quos
532 2633 620 2695 sensus
631 2634 779 2714 capiendos
792 2639 824 2700 δε
843 2635 1032 2716 perfruendos,
1122 2699 1126 2706 ,

172 2735 267 2816 plures
278 2731 372 2808 etiam,
391 2735 471 2814 quim
485 2731 599 2808 vellem,
610 2750 684 2803 artes
696 2752 818 2813 repertae
831 2736 908 2798 sunt:
928 2735 1030 2816 perspi-

170 2856 253 2896 cuum
265 2833 305 2894 est
317 2833 402 2906 enim,
415 2833 468 2914 quo
481 2831 691 2912 compositiones
703 2850 912 2914 unguentorum,
925 2835 976 2915 qud
988 2834 1030 2897 ci-

171 2931 270 2992 borum
282 2928 465 3003 conditiones,
476 2927 530 3008 quo
539 2949 693 3008 corporum,
699 2927 836 2989 lenocinia
845 2921 1028 3008 processerint.

170 3029 239 3112 Jam
264 3025 331 3086 verd
355 3026 475 3088 animum
494 3023 580 3104 ipsum
605 3041 779 3103 mentemque
797 3025 929 3099 hominis,
944 3025 1030 3087 tatio·
1053 3049 1087 3108 59

172 3143 248 3194 nem,
266 3119 422 3195 consilium,
440 3122 626 3200 prudentiam,
645 3121 759 3202 quinon
772 3120 865 3180 divina
883 3141 949 3181 cura
968 3145 1031 3204 per-

171 3217 247 3284 feda
257 3219 310 3282 else
322 3218 458 3298 perspicit,
478 3217 500 3276 is
511 3217 556 3278 his
569 3217 629 3298 ipsis
641 3219 722 3278 rebus
734 3218 805 3279 mibi
825 3219 932 3285 videtur
953 3245 1030 3284 care·
1116 3265 1118 3282 .

172 3338 212 3382 re.
250 3315 361 3396 Dequo
374 3319 441 3376 dum
454 3317 633 3397 disputarem,
663 3332 739 3377 tuam
762 3318 832 3378 mihi
854 3319 913 3381 dari
936 3323 1032 3395 velim,

173 3413 269 3486 Cotta,
287 3411 480 3490 eloquentiam.
519 3413 669 3494 Qtoenim
682 3433 712 3474 tu
725 3413 775 3474 illa
799 3417 883 3478 modo
905 3419 1031 3480 diceres?
1083 3488 1086 3496 „
1164 3482 1169 3493 ,

171 3509 402 3594 quantapnmitm
414 3509 610 3604 intelligentia,
628 3512 728 3576 deinde
746 3514 966 3596 consequentium
987 3537 1031 3579 rc-

509 3671 516 3687 ,
595 3615 663 3691 64
1030 3637 1092 3681 rum
