2694 4428
477 281 695 366 Lim
750 281 854 372 11,
948 353 951 360 .
1046 335 1094 418 93

178 431 343 516 &pestiferis
356 437 386 500 Bt
399 436 573 514 nocentibus,
600 436 725 522 refugere
750 443 889 526 dicuntur,
916 471 969 515 nec
990 476 1037 517 eos

175 532 243 618 ¹nlla
251 553 292 592 ex
300 543 375 612 purte
386 535 557 614 contingere.
595 536 788 604 Animantium
800 545 865 607 verb
875 568 975 628 quanta
988 573 1036 614 va·
1083 527 1086 533 i

173 629 265 704 rictas
277 634 336 694 est?
364 647 462 712 quanta
481 635 516 692 ad
537 654 598 694 eam
618 657 678 697 rem
692 637 743 716 vis,
768 641 901 706 utinsuo
913 666 1035 730 quaeque

172 747 282 806 genere
307 731 502 808 permaneant?
525 751 639 812 quarum
661 735 733 828 aliae
757 733 841 798 curiis
860 741 947 804 tedae
965 745 1034 824 sunt,

171 825 252 888 aliae
266 829 342 890 vittis
353 830 473 908 vestitae,
499 831 569 892 aliae
581 833 662 912 spinis
673 829 814 899 hirsutae:
848 841 944 920 pluma
955 839 1034 924 alias,
1071 827 1075 846 ⁸

169 928 247 990 alias
259 932 369 1010 squama
382 931 504 996 videmus
515 935 648 1006 obdudias
661 961 678 994 :›
692 936 760 998 alius
770 935 826 1001 esse
846 939 977 1004 corniiius
987 965 1031 1004 ar-

168 1047 276 1106 matas,
301 1032 368 1092 alias
388 1034 602 1118 habereeffirgia
623 1057 779 1115 pennarum.
817 1040 1033 1106 Pastumautem

167 1128 361 1192 animantibus
373 1131 450 1214 largi
462 1131 610 1213 &copiose
622 1150 715 1198 namra
727 1155 803 1212 etun,
813 1136 860 1223 qui
871 1137 970 1220 cuique
981 1161 1031 1221 ap-

118 1273 122 1282 .
168 1243 218 1290 tus
230 1245 300 1308 etat,
317 1233 492 1312 comparavit.
531 1235 700 1312 Enumerare
718 1234 825 1314 possum
845 1238 880 1296 ad
896 1260 958 1301 eum
969 1237 1029 1320 pas-

166 1344 235 1390 tutn
246 1332 434 1411 capessendum
446 1329 712 1414 conficiendumque,
730 1355 795 1414 quae
803 1333 836 1396 sn
848 1336 878 1396 in
890 1337 987 1422 figuris
997 1361 1039 1412 a„

167 1428 375 1495 taimantium&
384 1434 461 1513 quim
471 1433 567 1495 sollers
575 1433 729 1516 subtilique
741 1433 887 1526 descriptio
899 1434 1029 1516 partium,

166 1548 308 1609 quamque
319 1530 488 1594 admirabilis
498 1531 603 1594 fabrica
615 1531 816 1596 membrorum:
836 1534 930 1608 omnia
941 1533 1027 1612 enirn,

166 1648 241 1705 quae
252 1631 361 1712 quidem
374 1631 447 1694 intus
458 1632 559 1694 inclufit
579 1635 651 1707 sunt,
669 1632 707 1694 ita
718 1650 783 1694 nata
794 1649 875 1714 atque
885 1634 923 1695 ita
935 1629 1028 1696 locuta

165 1723 238 1800 fimt,
257 1747 287 1792 ut
298 1727 372 1790 nihil
381 1751 478 1792 eorum
501 1730 726 1810 iitpervacaneum
748 1729 792 1806 tit,
808 1728 881 1790 nihil
892 1735 928 1792 ad
939 1733 1026 1792 vitam
1096 1780 1098 1784 ,
1179 1765 1183 1782 =

164 1823 338 1892 retinendam
351 1849 408 1892 non
419 1827 607 1892 necessarium.
636 1829 724 1891 Dedit
736 1847 828 1910 autem
840 1833 935 1893 eadem
948 1846 1026 1894 nant-

164 1953 200 1994 ιη
211 1928 343 1991 beluis&
356 1929 462 1990 settsum
473 1930 504 1990 St
516 1929 665 2008 appetitum
675 1950 683 2000 ;
695 1944 726 1989 ut
734 1929 824 1990 altero
831 1944 960 1992 conanum
972 1929 1023 1991 ha-

164 2025 266 2086 berent
274 2027 310 2085 ad
321 2023 460 2086 naturales
467 2024 556 2106 pastus
564 2022 747 2104 capeffe'ndos,
755 2018 844 2088 altdto
852 2030 1021 2092 secernerent

71 2112 73 2120 ’
161 2121 496 2202 pestiferadsalutaribus.
531 2121 740 2205 Jamverdalia
751 2121 881 2186 animalia
891 2125 1022 2206 gradien-

161 2225 212 2301 do,
231 2224 286 2290 alia
299 2225 431 2304 stipendi>
442 2225 477 2284 ad
485 2224 591 2304 pastum
600 2226 745 2298 accedunt,
753 2223 810 2282 alia
821 2224 955 2298 volando,
964 2220 1019 2288 alia

162 2326 273 2386 nando:
303 2325 449 2403 cibumque
471 2321 571 2401 partim
595 2320 651 2379 oris
670 2319 792 2400 hiatu&
809 2318 939 2379 dentibus
958 2319 1022 2398 ipsis

159 2419 309 2499 capessunt,
326 2419 427 2499 partim
438 2417 568 2497 unguium
580 2413 726 2476 tenacitate
743 2413 893 2493 adripiunt,
919 2415 1020 2497 partim

162 2517 316 2578 aduncitate
336 2514 502 2576 rostrorum:
535 2513 590 2574 alia
615 2512 726 2594 sugunt,
743 2511 799 2574 alia
818 2529 944 2594 carpunt,
962 2511 1018 2574 alia

161 2631 271 2690 vorant,
289 2613 344 2675 alia
357 2613 497 2674 mandunt.
533 2613 627 2692 ¹Atque
639 2611 723 2676 etiarn
735 2612 855 2674 aliorum
867 2634 900 2674 ea
910 2612 951 2674 est
962 2612 1017 2674 hu-

159 2715 275 2790 militas,
292 2729 323 2774 ut
333 2697 427 2776 dabunt
447 2711 610 2787 terrestrem,
629 2711 721 2784 rostris
741 2712 825 2774 facili
845 2713 1014 2798 contingant.

158 2817 240 2897 Qtae
251 2831 340 2877 autem
352 2811 452 2878 altiora
464 2811 536 2886 sunt,
554 2827 586 2871 ut
596 2810 714 2887 austres,
732 2828 763 2872 ut
774 2811 868 2895 cygni,
880 2830 911 2874 ut
922 2833 1015 2896 grues,
1063 2889 1072 2912 .

158 2935 189 2982 ut
200 2912 313 2991 cameli,
331 2917 492 2996 adjuvantur
504 2913 668 2992 proceritate
678 2915 828 2975 collorum,
866 2912 971 2974 Manus
981 2935 1026 2974 e«

156 3017 225 3080 tiam
236 3016 299 3074 data
311 3012 475 3092 elephantis,
487 3011 551 3092 quia
563 3031 673 3092 propter
685 3012 900 3096 magnitudinem
911 3031 1011 3092 corpo-

158 3115 198 3176 ris
216 3113 345 3179 difficiles
365 3113 455 3174 aditus
478 3112 616 3196 habebant
635 3113 671 3173 ad
691 3113 805 3195 gastum.
844 3111 897 3186 At,
914 3109 1011 3191 quibus
1026 3107 1069 3186 48
1103 3095 1106 3120 ‘

158 3211 250 3272 bestiis
260 3227 319 3272 erat
331 3211 355 3272 is
365 3211 454 3286 cibus,
472 3227 504 3272 ut
515 3211 587 3272 alius
605 3210 712 3294 gestetis
723 3208 815 3280 bestiis
830 3209 1009 3282 vescerentur,

155 3327 205 3373 ant
216 3311 287 3373 vires
297 3329 393 3374 natura
405 3310 482 3371 dedit
492 3326 539 3370 aut
550 3308 727 3372 celeritatem.
765 3307 839 3368 Data
850 3307 890 3368 est
901 3305 1008 3388 quibus-

154 3413 220 3472 dam
243 3409 507 3476 etiam'machinatio
518 3410 650 3490 quaedam
671 3424 752 3488 atque
771 3405 908 3470 sollertia:
934 3423 965 3467 ut
977 3404 1008 3466 in

154 3509 301 3590 araneolis,
317 3509 388 3574 aliae
410 3505 481 3592 quali
505 3523 564 3573 rete
583 3524 688 3592 textutt,
718 3523 760 3590 ut,
779 3505 801 3569 st
824 3507 889 3618 guid
910 3505 1066 3648 inhaeffl
