2694 4428
404 371 623 452 errnrt
675 367 750 460 nt
922 331 1041 482 '113

124 518 308 581 membrorum
328 518 408 582 usum
428 519 540 586 nullum
557 519 679 594 habere;
699 523 794 586 ludere
807 520 924 597 videtur,
942 523 984 584 sa-
1019 518 1022 527 '

121 615 203 696 risque
215 633 323 696 putare,
343 615 364 676 st
380 617 482 678 dixerit
494 617 547 679 esse
569 621 708 696 quandam
731 619 840 680 beatam
858 619 984 684 naturam

51 730 54 738 ’
123 717 153 776 bt
173 731 320 777 aetemam.
359 717 388 774 A
412 715 500 777 Balbo
522 734 614 778 antem
637 717 863 793 animadvertisti,
889 720 984 794 credo,

120 813 197 888 quim
214 814 303 873 multa
316 811 390 872 dieta
403 812 463 889 sint,
482 829 627 894 quamque,
646 815 731 875 etiam
753 814 772 874 fi
799 815 891 875 mimis
908 837 986 891 vera,

119 923 208 971 tamen
233 928 295 990 apta
322 911 392 972 inter
406 912 439 971 ,st
461 913 492 972 δε
514 912 707 974 cohaerentia:
727 913 819 993 itaque
830 913 935 996 cogito,
954 928 986 974 ut

120 1005 189 1082 dixi,
208 1031 267 1070 non
280 1026 335 1069 tam
349 1009 477 1070 refellere
490 1009 548 1091 ejus
554 1009 724 1084 orationem,
750 1013 829 1091 quim
843 1010 895 1086 ea,
914 1031 985 1092 quae

120 1105 211 1167 miritis
225 1106 361 1182 intellexi,
380 1106 524 1186 requirere.
563 1109 666 1188 Qare,
687 1107 783 1183 Balbe,
802 1108 855 1169 tibi
867 1107 981 1188 permit-

119 1219 158 1277 to,
179 1207 378 1286 responderene
391 1204 461 1265 mihi
475 1204 564 1280 malis,
583 1209 619 1266 de
638 1206 748 1290 lingulis
759 1203 841 1267 rebus
855 1229 984 1288 quaeren-

120 1300 142 1362 ti
154 1305 194 1362 eri
203 1319 232 1364 te
246 1323 289 1378 ea,
309 1323 375 1383 quae
387 1323 484 1383 parum
497 1302 589 1382 occepi
602 1324 609 1374 ;
626 1321 667 1363 an*
681 1303 832 1368 universam
843 1303 937 1364 audire
949 1325 982 1363 o·

19 1471 20 1476 ἵ
118 1397 256 1458 rationem
270 1419 367 1460 meam.
406 1400 485 1460 Tum
506 1398 625 1460 Balbus:
646 1401 708 1482 Ego
721 1399 798 1471 verb,
816 1397 917 1478 siquid
933 1420 985 1460 ex·

116 1494 226 1591 planari
239 1496 291 1558 tibi
304 1500 389 1574 voles,
409 1501 575 1579 respondere
598 1497 694 1558 malo:
712 1497 754 1558 fin
773 1517 818 1560 me
831 1495 983 1578 interroga-

115 1611 163 1666 re,
176 1615 234 1656 non
246 1613 303 1658 tam
314 1598 489 1680 intelligendi
501 1597 599 1673 caussa,
614 1597 693 1678 quim
706 1595 868 1668 refellendi;
888 1614 980 1657 utrum

19 1729 20 1766 3
117 1689 206 1765 voles,
227 1691 345 1754 faciam:
367 1695 411 1756 vel
424 1696 459 1754 ad
473 1693 590 1778 singula,
608 1714 677 1774 quae
687 1693 816 1772 requires,
835 1691 924 1752 statim
936 1712 982 1751 re-

19 1795 20 1812 *
115 1783 254 1862 spondebo
266 1810 276 1862 ;
296 1791 440 1863 vel,.ctim
453 1791 598 1871 peroraris,
617 1793 652 1850 ad
671 1789 774 1850 omnia.
811 1785 985 1849 Tamen-

19 1887 20 1936 ]
114 1898 154 1956 ¹³,
173 1886 309 1964 Optume,
329 1886 433 1968 iuquit:
462 1888 641 1970 quamobrem
667 1885 704 1947 stc
727 1905 849 1968 agamus,
877 1893 910 1945 nt
930 1901 982 1944 nos
1073 1901 1076 1904 ·

111 1981 169 2060 ipsa
181 1984 260 2044 ducit
279 1986 378 2046 orario.
417 1989 471 2048 Sed
487 1987 643 2067 antequim
663 1989 751 2062 dore,
769 1985 977 2066 pancademe:
999 1975 1044 2043 2'
1124 1986 1127 2008 ¹

19 2105 20 2164 3
112 2095 172 2140 uon
192 2079 267 2142 enim
280 2082 466 2160 ,mediocriter
486 2103 605 2146 moveor
620 2081 784 2144 austoritate
805 2096 869 2154 τιιει,Ι
881 2079 981 2162 Balbe,

19 2193 20 2268 p
110 2179 296 2262 orationeque
308 2194 363 2258 ea,
373 2205 442 2264 quae
454 2205 498 2246 me
512 2183 541 2244 in
553 2183 708 2264 perorando
719 2179 929 2249 cohortabatur,
947 2191 980 2239 ut

19 2269 20 2292 i
112 2281 296 2344 meminissem
310 2287 398 2346 me&
410 2285 524 2344 Cottam
536 2279 590 2341 else
602 2283 633 2342 δι
649 2277 827 2357 pontificem:
847 2268 921 2355 quod
933 2275 980 2349 eb,

109 2379 210 2452 eredo,
229 2381 350 2453 valebat,
369 2394 399 2441 ut
415 2377 570 2456 opiniones,
598 2393 664 2451 quas
676 2376 691 2432 al
704 2372 858 2458 majoribnr
873 2369 981 2450 accepi-

109 2492 176 2533 mus
195 2473 231 2534 de
253 2473 308 2534 Dis
327 2470 529 2547 inmortalibus,
548 2473 631 2546 sacra,
649 2470 845 2545 caeremonias,
865 2468 979 2552 religio-

19 2625 21 2634 .
112 2569 214 2650 tresque
238 2569 425 2633 defenderem.
463 2569 525 2650 Ego
551 2565 615 2628 verb
638 2588 687 2628 eas.
701 2567 847 2628 defendam
863 2567 980 2644 semper,

111 2667 269 2751 semperque
281 2667 408 2730 defendi:
429 2687 481 2728 nec
491 2687 535 2726 rne
548 2687 582 2726 ex
597 2685 632 2727 ea
641 2666 783 2746 opinione,
801 2685 880 2744 quam
893 2664 908 2723 al
921 2683 980 2724 ma·

107 2763 214 2845 joribus
226 2767 321 2848 accepi
333 2769 368 2827 de
377 2766 458 2828 cultu
473 2765 598 2826 Deorum
613 2760 811 2840 inmortalium,
823 2765 907 2828 ullius
918 2785 978 2826 um-

110 2863 192 2944 quam
205 2865 296 2926 oratio
310 2881 357 2927 aut
369 2862 447 2924 dosti
456 2879 504 2922 aut
516 2861 623 2922 indocti
640 2861 771 2921 movebit.
804 2863 860 2923 Sed
868 2881 933 2923 cum
942 2861 978 2920 do

107 2963 246 3045 religione
270 2960 373 3044 agitur,
401 2957 451 3022 Ti.
466 2959 682 3033 Coruncanium,
696 2961 732 3019 P.
754 2959 925 3039 Scipionem,
944 2959 976 3017 Ρ.

19 3089 20 3118 t
107 3059 288 3134 Scaevolam,
303 3058 447 3140 pontilices
460 3079 614 3133 maxumos,
626 3079 684 3119 non
695 3060 842 3118 Zenonemv
853 3073 899 3118 aut
910 3056 978 3116 Clo-

19 3165 20 3168 ’
110 3160 238 3230 authent,
256 3157 498 3239 autChrylippum
520 3156 634 3236 ‘sequuti
665 3155 805 3234 habeoque
826 3153 860 3214 C
883 3151 980 3218 Laeli-

111 3269 160 3314 um
180 3272 324 3334 augurem,
344 3256 512 3333 eundemque
538 3251 704 3331 sapientem,
717 3271 799 3330 quem
819 3249 910 3329 potitis
930 3269 982 3308 au·

109 3351 186 3412 diam
211 3349 351 3410 dicentem
372 3352 407 3411 de
435 3349 570 3433 religione
592 3349 622 3408 in
652 3349 703 3408 illa
729 3347 853 3408 oratione
878 3344 979 3418 nobili,

110 3450 191 3528 quim
206 3466 369 3526 quemquam
382 3447 534 3526 principem
549 3445 715 3506 Stoicorum.
754 3445 874 3524 Cumque
888 3439 979 3503 omnis

108 3532 207 3632 popuii
224 3544 350 3608 Romani
364 3543 477 3630 angio,
490 3543 519 3606 tn
533 3545 648 3607 aaa&
665 3542 694 3605 n
707 3541 825 3623 auspicia
836 3540 922 3604 unm
932 3537 981 3604 nn

519 3645 549 3708 H
729 3695 731 3700 ,
865 3697 868 3704 ⁴
931 3648 1044 3696 ternum
