2664 4378
407 385 716 475 L1asul.'
899 381 1109 510 'Tg‘

93 537 254 603 inscribitur
265 540 299 603 de
313 539 459 616 Minerva,
479 559 590 624 partum
599 541 685 624 Jovis
696 530 841 632 oleumque
851 547 968 634 virginis

91 643 124 698 ad
138 638 346 721 physiologiam
359 642 517 716 traducens,
537 641 663 724 dejungit
675 645 691 704 ἃ
703 645 809 716 sabula.
841 649 967 729 ¹Enposui
989 650 1029 727 16

91 739 149 801 sere
171 761 228 801 non
251 738 484 818 philosophorum
501 727 619 822 judicia,
638 741 685 800 sed
706 743 884 810 delirantium
898 743 970 809 som-

90 835 159 898 nia:
191 857 245 897 nec
268 831 349 898 enim
366 836 458 898 multo
481 835 641 900 absurdiora
655 839 774 919 suntet,
793 865 861 925 quae
873 861 973 926 poeta-
1027 865 1035 884 ⁸

27 939 31 948 '
90 917 152 1008 ium
168 933 286 996 vocibus
307 935 377 1011 fusa,
397 935 453 1015 ipsa
476 933 609 998 suavitate
631 958 805 1004 nocuerunt:
825 944 914 1024 qui&
928 941 971 1030 ira

91 1030 291 1109 inflammatos,
310 1036 343 1096 &
356 1031 476 1094 libidine
489 1033 611 1096 fitrentea
623 1034 793 1101 induxerunt
815 1039 910 1113 Deos;
928 1042 972 1103 fe-

92 1148 258 1211 ceruntque,
277 1149 310 1194 ut
332 1151 433 1193 eorum
452 1131 539 1210 bella,
568 1134 688 1212 proelia,
717 1157 834 1220 pugnas,
855 1139 971 1202 vulnera

90 1227 269 1304 videremus;
290 1225 355 1290 odia
380 1244 530 1308 praeterea,
556 1229 853 1311 dillidiasdiseordias,
881 1255 972 1316 ortus,

89 1325 231 1414 interitus,
253 1327 386 1408 querelas,
405 1326 630 1407 lamentationes,
652 1330 749 1393 ellusas
770 1331 800 1395 in
822 1334 901 1396 omni
925 1327 970 1397 in-

89 1425 280 1506 temperantia
290 1424 433 1505 libidines,
453 1426 602 1499 adulteria.
621 1429 746 1510 vincula,
766 1454 832 1494 cum
845 1433 973 1496 humano

90 1542 198 1606 genere
212 1526 383 1602 concubitus,
404 1526 585 1612 mortalesque
597 1548 633 1590 ex
646 1526 843 1594 inmortalibus
855 1528 980 1614 procre?

89 1641 160 1685 atos.
199 1623 271 1688 Cum
295 1645 440 1710 poetarum
461 1645 555 1691 autem
586 1649 682 1694 errore
704 1629 873 1716 oonjungere
898 1631 968 1694 licet
1018 1709 1034 1730 ·

88 1731 216 1802 portenta
231 1723 392 1808 Magorum,
411 1729 667 1812 Aegyptiorumque
690 1734 721 1792 iu
742 1735 843 1793 eodem
865 1750 971 1814 genere

92 1822 281 1884 dementiama
300 1839 361 1885 tum
373 1823 458 1886 etiam
472 1829 552 1910 volgi
564 1823 722 1906 opiniones,
738 1832 809 1908 'quae
831 1829 861 1885 in
874 1845 970 1888 atauu-

91 1939 139 1977 ma
159 1915 354 1994 inconstantia,
380 1919 505 1980 veritatis
523 1921 713 2004 ignoratione,
739 1923 888 1984 versantur.
927 1919 970 1984 Ea

91 2013 140 2092 qui
156 2013 310 2076 confideret
322 2015 402 2094 qudm
417 2011 568 2078 inconsulti
577 2038 611 2078 ac
620 2013 721 2078 temeri:
734 2017 872 2094 dicamur,
885 2037 971 2080 vene·

93 2109 150 2170 rari
163 2111 326 2192 Epicumm,
344 2114 377 2176 dt
393 2111 422 2174 in
435 2135 530 2176 eorum
544 2116 666 2198 ipsorum
675 2139 804 2191 numero,
824 2114 860 2178 de
873 2114 970 2196 quibus

92 2210 164 2272 haec
176 2207 298 2292 quaestio
308 2213 358 2291 est,
378 2213 481 2276 habere
501 2213 618 2278 debeat:
638 2211 710 2280 solus
721 2211 798 2278 enim
811 2214 893 2288 vidit,
913 2209 972 2292 prl-

93 2310 173 2370 mum
186 2309 242 2372 ell‘e
253 2307 343 2384 Deos,
361 2311 435 2390 qubd
447 2307 478 2370 in
499 2311 627 2372 omnium
641 2311 741 2370 animis
759 2323 861 2370 eorum
877 2307 974 2364 notio-

93 2425 159 2468 nem
172 2403 342 2486 imprellisset
354 2403 411 2482 ip&
423 2423 530 2464 natura
568 2407 656 2482 Qtae
671 2405 713 2462 eu
732 2402 808 2462 enim
826 2421 908 2484 gens,
924 2415 971 2466 aut

97 2505 174 2582 quod
187 2521 276 2584 genus
282 2499 443 2574 hominum,
455 2500 528 2578 quod
536 2517 594 2558 non
604 2499 706 2562 hmeat
714 2499 770 2562 line
783 2499 910 2562 doctrina
922 2521 974 2564 au·

95 2593 289 2678 ticipationem
299 2597 435 2676 quandam
443 2594 589 2658 Deoutm?
601 2618 683 2676 quam
696 2597 818 2679 appellat
829 2599 973 2686 aego'andrr
1025 2607 1033 2624 ‘

95 2693 248 2782 Epicurus,
267 2691 361 2772 idest,
382 2707 554 2776 anteceptam
568 2697 662 2758 animo
675 2695 716 2758 rei
727 2701 864 2778 quandam
885 2698 975 2760 infor-

95 2797 262 2870 mationem,
281 2791 338 2853 sme
357 2813 417 2873 qua-
428 2813 480 2855 nec
493 2791 616 2875 intelligi
628 2790 784 2873 quicquam,
803 2815 857 2856 nec
869 2791 975 2873 quaeri,

94 2919 146 2961 nec
159 2890 293 2975 disputari
305 2894 404 2972 potest.
437 2890 520 2975 Cujus
531 2891 646 2954 rationis
657 2892 715 2971 vim
729 2909 809 2974 utque
825 2891 973 2954 utilitatem
1074 2895 1077 2902 “

95 3014 132 3054 ex
146 2993 199 3053 illo
209 2989 324 3054 caelesti
337 2989 451 3070 Epicuri
462 2992 499 3051 de
509 2989 606 3072 regula
615 2989 646 3060 ὃς
656 2986 764 3069 judicio
773 2973 917 3076 volumine
926 3010 974 3050 ac-

97 3091 232 3172 cepimus.
271 3090 355 3170 Qtod
377 3087 461 3170 igitur
483 3087 691 3149 fiandamentum
711 3086 792 3168 hujus
810 3085 972 3166 quaestionis
994 3103 1026 3168 ι]

98 3189 151 3261 est,
172 3185 201 3246 id
214 3184 354 3266 praeclat‘e
366 3185 471 3267 jadbum
484 3180 591 3244 videtis.
629 3181 704 3243 Ctlm
715 3182 792 3244 enim
801 3202 858 3242 uon
868 3181 975 3245 institu-

101 3301 133 3346 το
145 3283 242 3364 aliquo
253 3300 301 3344 aut
314 3304 393 3344 more
405 3299 452 3343 aut
465 3282 528 3364 lege
541 3281 574 3342 lit
586 3283 681 3362 opinio
706 3279 860 3358 constituta,
880 3304 975 3344 mane-

103 3401 184 3466 atque
197 3383 234 3442 ad
247 3403 332 3444 unum
347 3381 470 3443 omnium
480 3379 561 3442 firma
573 3376 733 3450 oonsenfi03
746 3378 869 3461 intelligi
881 3379 974 3438 neces-

105 3483 132 3542 se
143 3483 194 3558 est,
213 3477 268 3542 elle
280 3479 367 3553 Deos,
388 3477 519 3556 quoniam
531 3477 625 3570 itrfitas
636 3496 747 3552 eorum,
763 3473 918 3566 ¹relpotitls
931 3473 975 3552 iu-

103 3596 182 3666 putas
192 3575 368 3668 cognitiones
380 3567 540 3657 habemuszl'
560 3571 606 3636 De
618 3567 674 3656 quo
683 3580 776 3638 a'utem
785 3571 913 3636 omnium
925 3587 975 3630 na·
995 3663 1029 3720 a

92 3674 98 3688 ¹
222 3676 228 3684 ·
466 3692 469 3706 =
810 3673 812 3680 ’
965 3676 1025 3723 tu.

1029 3092 1032 3104 t

1027 3151 1032 3167 Ι
