2676 4368
427 379 705 463 LraaaI.
962 367 1043 500 '23

116 523 209 592 fivdset
221 527 281 592 hoc
293 530 367 591 idem
381 545 515 612 tyrannus
528 529 630 606 Hiero,
648 531 823 594 deliberandi
836 532 888 596 fibi
899 555 986 602 unum

107 627 186 689 diem
209 629 380 710 postulavit:
407 629 472 690 crim
495 628 571 689 idem
589 650 628 689 ex
639 651 676 690 eo
688 630 819 708 postridie
831 653 987 714 quaereret,

111 724 226 790 biduum
243 726 358 806 petivit:
378 726 443 787 crim
464 725 569 805 saepius
589 725 747 806 duplicaret
762 747 908 790 numerum
927 732 988 795 die.

107 842 181 899 rum,
209 825 400 906 admiransque
422 823 513 886 Hiero
535 825 696 906 requireret,
723 847 775 888 cur
800 825 839 887 lta
864 827 984 894 faceret:

64 927 66 934 ’
107 919 194 1002 Qia,
214 939 328 1002 quanto,
347 923 449 1004 inquit,
468 922 576 983 diutiirs
587 923 741 1000 confidere,
760 941 838 986 tanto
858 927 930 988 mihi
941 950 987 992 ret

105 1019 216 1080 videntr
228 1019 380 1082 obscurior.
420 1023 475 1082 Sed
488 1018 661 1082 Simonidem
680 1021 801 1084 arbitror
813 1029 891 1100 (oon
906 1026 984 1088 enim

101 1131 187 1192 poeta
202 1116 296 1208 solittn,
307 1117 405 1193 suavis,
425 1119 525 1182 verhm
547 1116 632 1178 etiam
653 1133 747 1184 cetera
768 1139 875 1202 quoque
887 1121 987 1185 dodillo

103 1211 261 1296 sapiensque
284 1217 429 1296 traditur)
461 1219 525 1299 quia
544 1217 633 1280 multa
653 1217 777 1278 uenirent
803 1218 834 1278 in
857 1234 981 1282 mentem

101 1328 185 1370 acuta
208 1331 291 1392 arque
313 1318 435 1393 subtilia,
454 1317 639 1392 dubitantem,
657 1315 724 1395 quid
743 1335 840 1378 eorum
854 1315 922 1378 esset
935 1339 984 1378 ve-

95 1405 245 1484 riffimum,
252 1413 400 1492 desperasse
410 1438 520 1478 omnem
531 1417 686 1478 veritatem.
694 1415 831 1494 Epicurus
841 1415 908 1475 verb
920 1433 983 1480 tuus

98 1510 192 1580 (nam
203 1526 268 1566 cum
281 1509 334 1569 illo
348 1512 423 1572 malo
435 1513 575 1588 disserere,
593 1504 801 1592 quim'tecum)
823 1511 889 1592 quid
901 1511 983 1591 dicit,

14 1597 15 1600 ¹
96 1605 175 1684 quod
195 1627 253 1669 non
272 1610 355 1670 modb
375 1611 552 1692 philosophia
571 1611 686 1696 dignum
712 1610 755 1686 stt,
774 1611 819 1672 sed
841 1609 988 1674 mediocri
1074 1661 1077 1672 .

97 1706 267 1783 pnrleutia?
305 1709 456 1798 Quaeritur
477 1710 600 1792 primum
622 1712 652 1773 in
670 1733 704 1772 ea
726 1708 893 1792 quaestione,
910 1729 981 1788 qtae

94 1806 136 1876 est
148 1809 183 1868 de
195 1823 292 1872 natura
299 1809 438 1885 Deorum,
456 1809 544 1873 smme
567 1809 621 1886 Di,
639 1831 728 1872 necne
748 1807 808 1870 smt.
848 1805 981 1870 Difficile

94 1903 137 1963 est
149 1924 266 1984 negare:
287 1907 383 1980 credo,
402 1906 464 1966 liin
480 1907 617 1966 concione
629 1921 778 1984 quaeratur
792 1925 801 1976 ;
820 1903 866 1964 sed
879 1902 909 1962 in
923 1901 978 1964 hu·-

94 2000 218 2081 jusmodi
244 2003 379 2082 sermone,
400 2007 433 2068 dc
453 2005 483 2066 in
505 2003 638 2079 consellu,
663 2003 839 2066 facillimum.
878 2001 977 2082 Itaque

95 2121 152 2184 ego
165 2099 221 2180 ipse
232 2093 369 2182 pontifex,
379 2105 426 2186 qui
437 2103 625 2168 caeremonias
637 2099 837 2186 religionesque
847 2099 977 2182 publicae

92 2199 257 2262 sanstilsrmb
284 2189 398 2264 tuendas
418 2203 557 2279 arbitror,
577 2202 600 2262 is
620 2193 687 2277 hoc,
706 2203 780 2282 quod
793 2200 913 2280 primum
924 2197 980 2273 ‘ste

82 2288 148 2360 'else
160 2298 250 2375 Deos,
268 2302 425 2380 persuaderi
436 2303 510 2362 mihi
521 2321 579 2372 non
592 2298 729 2378 opinione
742 2298 847 2370 solhrn,
865 2295 913 2355 led
921 2293 976 2352 eti·
999 2339 1003 2344 .

93 2415 141 2464 am
159 2400 196 2457 ad
208 2400 354 2464 veritatem
376 2397 459 2479 planb
483 2399 590 2458 velim:
611 2398 700 2454 multa
720 2393 798 2452 enim
815 2403 982 2466 ooeurrunt,

94 2511 168 2570 quae
179 2495 361 2566 conturbem,
379 2508 410 2555 ut
421 2492 563 2552 interdum
574 2489 650 2550 nulli
661 2485 715 2550 esse
727 2487 879 2552 videanntr.
915 2470 981 2550 Setl¹

13 2651 15 2658 Ἴ,
94 2585 172 2663 vide,
190 2589 273 2666 quim
296 2603 388 2650 tecum
407 2609 491 2674 agam
514 2587 685 2654 liberaliter:
714 2607 785 2668 quae
809 2584 973 2650 communia

91 2684 155 2748 sunt
174 2685 253 2746 vobis
264 2706 330 2752 cum
350 2689 450 2750 oeterir
471 2685 659 2768 philosophis,
685 2705 743 2748 non
763 2685 918 2770 adtingam,
937 2699 971 2748 ut

91 2784 363 2866 hocipsumzplacet
371 2787 586 2851 enimomnibue
596 2785 666 2864 serb,
684 2785 807 2866 mihique
815 2782 865 2867 ipsa
874 2786 903 2846 in
911 2782 971 2865 pri·

90 2887 155 2960 mis,
173 2884 252 2946 Deos
263 2883 334 2946 esse:
353 2887 448 2970 itaque
458 2907 516 2948 non
533 2906 648 2968 pugno:
668 2883 807 2946 rationem
827 2900 921 2946 tamen
933 2903 974 2944 οη

91 3007 153 3060 am,
181 3005 250 3064 quae
265 2987 322 3050 dte
333 2985 467 3062 adfertur,
486 2984 619 3047 nonsatis
639 2983 750 3045 firmam
769 2963 875 3138 putot]
883 2983 968 3063 Qrbd
987 2990 1033 3066 a}

90 3076 168 3140 enim
181 3083 307 3142 omnium
319 3080 446 3162 gentium
462 3097 649 3162 generumque
664 3076 847 3140 hominibusi
888 3074 967 3136 vide-

89 3193 182 3251 rentr,
201 3175 230 3236 id
242 3177 304 3242 satis
316 3199 448 3262 magnum
460 3176 515 3240 elle
531 3193 727 3260 argumentum
738 3175 842 3252 dixisti,
860 3193 911 3236 cur
922 3175 966 3237 es-

90 3276 119 3336 se
132 3272 211 3332 Deos
223 3273 427 3336 confiteremur.
466 3275 551 3356 Qrod
563 3279 630 3334 chor
643 3274 705 3335 leve
714 3295 767 3354 per
780 3273 819 3348 se,
836 3288 897 3332 tum
908 3272 963 3332 etl-

91 3389 138 3438 am
150 3368 255 3432 falsum
266 3372 319 3431 est:
341 3371 463 3452 primhm
475 3372 550 3432 enim
563 3371 637 3432 unde
646 3386 728 3432 notae
737 3369 789 3430 tibi
801 3371 860 3432 sum
871 3365 965 3448 opinl-

92 3465 337 3530 onesoationutnl
376 3468 509 3546 Equidem
533 3467 654 3528 arbitror
679 3467 781 3528 multas
800 3464 854 3528 esse
867 3481 964 3552 gentes

91 3560 132 3636 stc
143 3562 308 3634 inmunitate
318 3559 457 3652 efferatas,
475 3581 507 3626 ut
519 3565 592 3647 apud
603 3579 650 3625 eas
662 3563 741 3626 nulla
753 3560 870 3644 suspicio
883 3559 964 3622 Deo-

548 3661 614 3740 Bt
921 3669 1026 3718 στω
