2698 4444
283 438 358 552 132‘
447 445 512 524 Da
542 435 785 518 NATURA
813 429 1052 508 Danaum

345 593 431 660 Primi
451 611 517 665 tres,
535 587 585 668 qui
602 584 773 664 appellantur
793 579 911 640 Anates
930 575 1059 648 Athenis,
1077 588 1112 634 ert
1130 563 1209 655 Jore

344 717 411 780 rege
423 689 602 772 antiquiffimo
614 689 646 748 δε
662 680 820 760 Proserpina
840 676 908 750 nati,
927 675 1130 753 Tritopatreus,
1150 673 1208 731 Eua

344 795 456 866 buleus,
474 785 629 869 Dionysius.
668 779 788 842 Secundi
812 779 879 850 duo,
898 778 976 856 Jove
1001 771 1083 832 tertio
1102 768 1205 831 nati&

347 892 439 963 Leda,
458 887 554 948 Castor
577 885 609 946 dc
628 877 736 941 Pollux.
775 874 870 935 Tertii
895 871 1024 930 dicuntur
1043 863 1213 927 inorrnulliu

229 979 233 991 ’
275 1019 276 1022 ’
347 991 435 1062 Alco,
453 989 484 1050 δι
511 984 682 1060 Melampus,
703 971 835 1048 Emolus,
855 971 938 1032 Atrei
963 959 1027 1042 filii,
1046 965 1089 1046 qui
1107 964 1211 1040 Pelope

347 1103 426 1147 natus
438 1083 498 1142 fuit.
519 1085 584 1164 Jam
598 1077 698 1138 Musae
711 1073 814 1154 primae
827 1085 963 1150 quattuor,
981 1081 1061 1126 natae
1078 1065 1151 1145 Jove
1166 1057 1209 1116 al-

349 1198 420 1255 tero,
448 1179 621 1258 Thelxiope,
643 1173 754 1248 Aoede,
778 1171 885 1242 Arche,
912 1165 1035 1228 Melete:
1069 1157 1214 1228 secundae,
1292 1189 1295 1194 ,

350 1279 424 1360 Jove
438 1275 522 1336 tertio
534 1277 565 1336 dt
580 1272 764 1351 Mnemosyne
777 1281 945 1347 procreatae,
964 1279 1066 1320 novem
1080 1283 1087 1316 ς
1108 1250 1216 1324 tertiae,

354 1380 448 1460 [Jove
460 1375 564 1450 tertio]
578 1374 659 1435 Piero
671 1387 749 1432 natae
762 1371 792 1430 δε
806 1363 941 1443 Antiopa,
960 1382 1025 1442 quas
1037 1355 1172 1426 Pieridas·
1181 1353 1214 1412 ὃς

355 1473 460 1534 Pierias
484 1472 571 1556 solent
592 1487 689 1550 poetae
701 1463 851 1548 appellare,
870 1459 966 1520 iisdem
984 1452 1151 1525 nominibus,
1163 1466 1216 1514 ,eo-
1284 1441 1287 1446 ’

353 1571 418 1632 dem
430 1591 557 1646 numero,
574 1591 630 1650 quo
642 1565 766 1648 proximi
788 1559 944 1642 superiores.
981 1555 1107 1631 Cumque
1117 1567 1147 1608 tu
1161 1548 1213 1604 So-

354 1668 423 1743 lem,
441 1669 475 1728 eo
497 1669 569 1747 quud
590 1668 662 1730 solus
680 1663 758 1737 esset,
774 1661 940 1740 appellatum
955 1653 1009 1724 elle
1022 1651 1117 1710 dicas:
1137 1635 1217 1704 Soleo

357 1763 406 1844 ipsr
418 1767 496 1843 quim
510 1764 593 1824 multi
605 1767 620 1824 d
633 1764 773 1846 theologis
781 1759 980 1843 proferuntutl
1018 1749 1098 1808 Unus
1119 1756 1215 1802 eorum

360 1865 435 1945 Jove
443 1878 533 1938 natus,
551 1883 637 1942 nepos
649 1861 791 1923 AEtheris:
809 1858 894 1930 alter,
913 1849 1091 1935 Hyperione:
1112 1838 1223 1909 tertius,¹

357 1958 498 2034 Volcano,
521 1960 586 2025 Nili
599 1958 681 2032 filio;
700 1959 776 2040 cujus
797 1954 896 2016 urbem
909 1944 1042 2032 Aegyptii
1055 1939 1150 2001 volunt
1165 1927 1220 1994 effe

357 2073 430 2126 eam,
449 2075 520 2129 quae
533 2057 693 2135 Heliopolis
705 2056 880 2134 appellatur:
909 2065 1018 2130 quartus
1029 2043 1063 2115 is,
1081 2055 1160 2118 quern
1171 2033 1223 2092 he·

361 2147 444 2210 roicis
455 2150 623 2227 temporibus
633 2153 765 2208 Acantho
778 2149 877 2208 Rhodi
888 2140 1019 2224 peperisse
1030 2135 1141 2206 dicitur,
1155 2137 1225 2206 [pa-

250 2259 252 2268 ’
360 2257 425 2322 ter]
438 2244 532 2327 Ialysi,
544 2243 660 2317 Camiri,
672 2245 704 2304 &
717 2241 821 2302 Lindi:
840 2240 961 2319 quintus,
980 2231 1034 2312 qui'
1041 2225 1158 2287 Colchis
1165 2222 1223 2280 fer-

305 2361 343 2408 22
363 2359 410 2404 tur
423 2346 540 2406 Aeetam
553 2345 586 2418 ic
597 2340 708 2402 Circam
720 2333 908 2418 procreaville.
935 2325 1059 2392 Volcani
1068 2323 1135 2383 item
1144 2337 1226 2379 com-

260 2497 263 2519 ,
363 2443 475 2522 plures:
497 2445 600 2526 primus
611 2440 702 2503 Caelo
716 2456 806 2512 natus,
824 2449 859 2496 ex
869 2453 923 2511 quo
935 2431 966 2492 δε
991 2415 1121 2486 Minerva
1134 2415 1227 2494 Apol-

365 2538 452 2600 linem
465 2563 541 2616 eum,
554 2542 628 2620 cujus
640 2538 669 2596 in
683 2539 770 2598 tutela
783 2533 908 2596 Athenas
919 2523 1023 2605 antiqui
1035 2516 1159 2582 historici
1170 2512 1226 2576 esse

364 2635 532 2697 voluerunt:
563 2638 692 2696 secundus
714 2633 786 2692 Nilo
800 2635 891 2700 natus,
908 2622 1024 2694 Phthas,
1043 2633 1074 2676 ut
1092 2607 1226 2693 Aegyptii

365 2734 516 2810 appellant,
535 2755 615 2814 quem
627 2735 768 2795 custodem
781 2729 834 2790 elle
849 2722 974 2806 Aegypti
998 2718 1113 2778 volunt:
1133 2709 1228 2772 tertius

366 2829 402 2887 'er
415 2829 497 2890 tertio
509 2833 584 2914 Juve
600 2833 631 2892 Sc
643 2833 768 2914 Junone,
786 2823 835 2904 qui
847 2817 951 2884 Lemni
972 2807 1229 2882 hbricae'traditur
1336 2820 1337 2847 1

367 2917 542 3016 praefixisset
565 2944 677 3005 quartus
703 2921 833 2985 Menalio
852 2931 940 2993 natus,
961 2913 1008 2994 qui
1022 2909 1108 2972 tenuit
1128 2900 1229 2965 insulas

366 3039 481 3101 Propter
504 3027 641 3103 Siciliam,
661 3045 729 3106 quae
749 3017 903 3082 Volcaniae
923 3011 1108 3075 nominantur.
1147 3003 1229 3063 Mer·

369 3121 460 3182 curius
471 3131 542 3194 unus
553 3125 642 3186 Caelo
654 3141 741 3204 patre,
753 3117 809 3180 Die
819 3131 905 3177 matre
916 3125 993 3170 natus
1004 3130 1012 3180 ;
1032 3104 1105 3184 cujus
1116 3099 1227 3159 obscae-

325 3241 330 3246 ·
368 3217 431 3279 nius
442 3225 564 3286 cxcitata'
574 3241 671 3286 natura
684 3219 809 3292 traditur,
828 3213 900 3294 quod
924 3208 1031 3288 aspeehr
1051 3199 1229 3280 Proserpinae

370 3335 522 3386 commotus
544 3322 593 3384 lit:
611 3325 682 3384 alter
703 3315 840 3390 Valentis,
858 3304 1066 3374 &Phoronidis
1090 3291 1177 3374 lilius,
1195 3298 1230 3373 is,

372 3415 420 3492 qui
432 3417 481 3476 sub
493 3419 571 3480 terris
583 3419 712 3493 habetur,
732 3415 803 3475 idem
815 3407 1016 3488 Trophonius:
1044 3398 1142 3462 tertius
1154 3399 1229 3479 Jove

372 3513 454 3577 t'ertio
466 3522 589 3580 natus&
602 3519 692 3600 Maja,
724 3535 758 3575 err
777 3529 830 3592 quo
848 3511 880 3572 δι
900 3504 1037 3582 Penelopa
1049 3503 1122 3560 Pana
1135 3511 1227 3555 uatum

316 3699 319 3706 Ι
370 3609 479 3678 strunt:
498 3631 610 3699 quartus
630 3615 702 3679 Nilo
722 3625 810 3692 patre,
838 3625 919 3686 quern
941 3595 1063 3684 Aegypti
1084 3591 1158 3655 nefas
1161 3589 1232 3746 bipa-
1337 3631 1338 3634 ,

787 3731 791 3736 ·
1198 3698 1230 3744 nt
1337 3705 1338 3714 κ
