2694 4428
166 433 172 462 ,
299 434 302 440 ·
333 458 334 464 ,
609 443 611 448 .

418 453 622 566 Llraan
664 453 736 535 Ill.
979 477 1054 564 147

132 599 435 677 derintaudioritatem,
455 624 510 663 non
524 602 605 688 facile¹
618 603 750 666 dixerim:
776 619 900 682 portenta
919 603 994 666 enim

131 701 168 759 ab
181 701 297 780 utrilque
310 707 341 763 ὅτ
353 700 457 782 flagitia
471 702 616 762 dicuntur:
640 723 728 780 neque
739 701 824 774 enim,
833 723 913 778 quem
923 704 995 782 Hip-

132 801 258 877 ponadlis
278 801 385 860 iambus
405 800 527 874 laeserat,
546 819 594 860 aut
605 801 653 880 qui
667 818 726 861 erat
738 799 905 860 Archilochi
916 805 993 862 versu

130 897 298 980 volneratus,
318 900 332 955 a
344 897 408 957 Deo
420 896 555 960 inmissum
568 898 706 974 dolorem,
730 919 786 957 non
799 917 963 978 conceptum
977 901 991 960 ὲ

130 991 157 1054 se
170 994 419 1072 ipso,continebat:
433 1014 494 1068 nec,
503 998 568 1054 etim
577 994 704 1076 Aegisthi
717 993 862 1054 libidinem
872 1012 917 1056 aut
928 997 993 1058 crim

124 1093 236 1154 ‘Paridis
248 1095 382 1166 videmus,
402 1092 416 1150 ὲ
429 1091 492 1152 Deo
503 1090 620 1152 caussam
635 1092 802 1174 requirimus,
819 1093 883 1152 clam
896 1094 993 1174 culpae

128 1193 216 1268 paene
230 1211 327 1250 vocem
337 1188 493 1248 audiamus:
507 1207 558 1248 nec
568 1208 622 1268 ego
631 1187 782 1246 multorum
795 1209 939 1270 aegrorum
954 1194 994 1250 su-

129 1288 220 1347 lutem
233 1307 288 1346 non
302 1285 337 1346 ab
350 1284 520 1364 Hippocrate
528 1285 621 1364 potius
633 1286 713 1364 quim
725 1283 759 1342 ab
770 1285 935 1364 Aesculapio
945 1287 1000 1346 da-'

125 1401 186 1468 tam
204 1385 314 1468 judico:
341 1404 394 1444 nec
415 1381 699 1444 Lacedaemoniorum
713 1371 882 1462 disciplinam
900 1381 992 1445 dicam

128 1505 257 1562 umquam
267 1485 302 1542 ab
310 1481 445 1562 Apolline
456 1481 548 1560 potitis
557 1483 669 1559 Spartae
682 1481 761 1559 quim
772 1483 785 1539 :l
800 1481 932 1562 Lycurgo
943 1485 992 1541 da·

126 1599 193 1642 tam.
213 1581 362 1652 Critolaus,
374 1576 496 1658 inquam,
514 1578 613 1640 evertit
629 1579 795 1640 Corinthum
804 1601 814 1652 ;
836 1577 991 1660 Karthagi-

127 1701 194 1742 nem
207 1679 371 1744 Hasdrubal.
392 1677 433 1737 Hi
445 1680 501 1738 duo
514 1677 579 1738 illos
590 1679 688 1738 oculos
701 1699 765 1738 orae
778 1677 936 1740 maritumae
948 1677 991 1738 el-

129 1777 270 1852 foderunt,
282 1798 338 1837 non
352 1777 436 1838 iratus
445 1776 541 1851 alicui,
553 1798 633 1855 quem
646 1773 760 1835 omnino
770 1773 847 1835 irasci
859 1773 931 1854 poll'e
943 1795 992 1835 ne-

127 1875 210 1958 gatis,
222 1875 303 1935 Deua.
326 1878 367 1934 At
381 1875 523 1935 subvenire
535 1875 609 1934 cette
620 1873 720 1953 potuit,
731 1874 762 1932 δι
775 1872 934 1932 conservare
947 1893 991 1934 ur·
1013 1889 1025 1951 3
1030 1891 1048 1951 9

132 1968 182 2031 bes
193 1988 280 2031 tantas
292 1989 371 2050 atque
383 1971 460 2031 tales.
480 1973 540 2030 Vos
553 1968 626 2029 enim
640 1967 687 2048 ipst
702 1966 795 2030 dicere
808 1967 909 2042 soletis,
920 1967 966 2049 nih
972 1965 993 2026 il

130 2066 185 2142 elle
197 2069 269 2146 quod
282 2067 359 2126 Deus
371 2065 480 2128 efficere
494 2087 550 2127 non
562 2064 650 2148 pollrt,
664 2067 695 2126 &
708 2064 817 2145 quidem
832 2063 886 2125 stne
895 2064 992 2126 labore
1010 2091 1012 2101 ⁴

130 2163 245 2224 ullo:ut
256 2163 327 2223 enim
340 2163 485 2224 hominum
495 2161 714 2234 membra,nulla
723 2161 909 2232 contentione,
917 2181 994 2218 men-
1046 2151 1056 2182 ‘¹

126 2275 154 2321 te
165 2259 219 2338 ipsa
230 2281 264 2320 ac
277 2261 416 2322 voluntate
431 2275 606 2320 moveantur:
620 2257 656 2313 lie
669 2255 784 2316 numine
795 2251 921 2314 Deorum
931 2275 993 2314 om-

126 2357 173 2418 nia
192 2357 271 2436 fingi,
290 2359 407 2429 moveri,
424 2352 574 2431 mutarique
588 2349 671 2430 polle.
692 2352 791 2430 Neque
804 2351 833 2411 id
844 2351 935 2411 dicitis
949 2353 992 2413 su·
1076 2363 1081 2372 '

127 2451 279 2532 perstitiose
293 2469 375 2532 atque
387 2449 510 2525 aniliter,
523 2451 569 2509 sed
587 2447 698 2529 physica
710 2447 896 2527 constantique
908 2450 993 2510 ratio-

126 2572 181 2612 ne:
204 2551 346 2612 materiam
359 2549 435 2610 enim
448 2569 551 2622 rerum,
563 2569 598 2607 ex
611 2567 664 2626 qua
676 2549 707 2607 δι
721 2534 811 2626 inqua
824 2546 917 2606 omnia
930 2547 992 2623 smt,

126 2663 215 2708 totam
224 2645 278 2710 effe
288 2645 442 2707 flexibilem
451 2642 716 2706 &commutabilem
726 2664 734 2713 ;
746 2660 777 2702 ut
786 2641 857 2702 nihil
868 2641 910 2717 lit,
919 2647 992 2726 quod

126 2768 184 2808 non
197 2769 231 2809 ex
243 2768 276 2808 ea
289 2745 412 2826 quamvis
431 2743 520 2804 subito
540 2740 609 2825 fingi
628 2741 806 2820 convertique
821 2741 913 2820 polfit:
937 2745 992 2823 ejus

126 2859 218 2908 autem
232 2840 371 2904 universae
385 2837 561 2901 fistriceut&
576 2835 796 2910 moderatricem,
809 2836 928 2897 divinam
939 2837 992 2898 elle
1055 2879 1059 2886 ·

126 2938 347 3021 providentiam:
358 2938 430 2996 hanc
443 2933 539 3018 igitur,
552 2955 721 3013 quocumque
735 2935 760 2993 se
772 2953 891 3006 moveat,
899 2931 993 2994 effice-

126 3061 158 3100 re
171 3035 252 3118 pollo
261 3033 391 3116 quicquid
404 3033 482 3093 velit.
504 3031 597 3111 ltaque
607 3049 654 3093 aut
665 3028 750 3090 nescit
763 3029 827 3108 quid
837 3028 932 3108 pollit:
947 3047 994 3090 aut

127 3134 248 3218 negligit
261 3154 305 3194 tes
316 3132 463 3192 humanas:
477 3145 535 3202 aut,
547 3127 612 3205 quid
622 3125 654 3185 lit
667 3144 823 3204 optumum,
835 3147 892 3185 uon
904 3127 991 3205 poicst
1055 3119 1058 3126 ’

124 3235 257 3316 judicare.
277 3233 345 3290 Non
357 3245 436 3290 curat
449 3226 569 3314 lingulos
582 3224 717 3289 homines.
738 3225 805 3282 Non
820 3223 935 3284 mitum:
956 3245 992 3285 ne

128 3329 255 3390 civitates
267 3327 386 3406 quidem.
407 3325 474 3383 Non
487 3329 549 3382 eas?
562 3341 597 3380 ne
607 3320 730 3382 nationes
739 3317 993 3400 quidem&gcntir.

125 3424 213 3505 Quid
225 3419 243 3480 li
253 3423 302 3480 has
315 3417 399 3479 etiam
412 3431 581 3486 contemnet,
595 3413 659 3493 quid
679 3413 780 3470 mitum
798 3410 848 3483 est,
860 3431 942 3470 omne
955 3411 991 3469 ab

125 3541 159 3588 ea
177 3539 260 3601 genus
275 3518 426 3575 humanum
439 3511 492 3571 elle
501 3517 707 3588 contemptum?
727 3509 783 3566 Sed
796 3527 851 3584 quo
866 3509 949 3565 modo
964 3505 992 3564 i-

139 3619 202 3691 uem
215 3614 385 3698 dicitis,‹uon
394 3609 486 3671 omnia
496 3609 573 3668 Deos
581 3605 714 3688 perfiequi,
722 3605 799 3666 idem
808 3604 901 3680 voltis,
917 3603 995 3665 :illis
1036 3611 1039 3618 '

517 3705 587 3772 Ka.
949 3699 1055 3768 inmor-
