2694 4428
291 435 408 506 120,r
455 409 520 490 on
550 407 793 492 Narona
822 405 1060 486 Deorum

347 570 421 642 igitar
432 564 530 621 mundus
543 567 628 622 autur.
649 560 713 618 Hoc
727 555 745 616 fi
760 557 869 636 piacet·,
885 559 940 640 jam
952 554 1070 632 efficies,
1091 572 1122 616 ut
1137 571 1223 615 mun·

347 663 400 720 dus
419 657 533 739 optumi
547 657 649 719 librum
663 657 754 738 legere
765 655 899 716 videatur.
937 654 1054 714 Zenonis
1066 654 1149 735 enim,
1167 674 1222 710 vr:-

350 757 437 842 stigiis
447 760 501 816 hoc
515 757 599 814 modo
611 757 744 814 rationem
758 755 859 832 poterit
872 753 1041 816 concludere.
1081 752 1172 831 de
1184 745 1224 808 li-

352 874 470 918 teratum
483 855 532 928 est,
553 853 581 912 id
594 852 632 912 est
646 849 755 924 meiius,
783 851 864 928 quim
884 853 958 928 quod
979 871 1034 910 non
1061 850 1099 909 est
1121 848 1231 922 litem-¹

353 970 431 1014 tum:
458 947 531 1010 nihil
545 951 633 1010 autem
654 951 759 1006 mundo
781 946 898 1006 melius:
933 947 1058 1012 literatus
1082 942 1227 1028 igiturest

353 1047 477 1110 mundus!
515 1045 572 1109 Isto
598 1043 684 1103 modo
710 1043 794 1104 etiam
820 1044 948 1119 disertus,
978 1044 1144 1124 &quidem
1165 1063 1230 1100 ma-

353 1142 527 1216 thematicus,
546 1139 675 1216 musteus,
694 1143 771 1202 omni
790 1140 906 1220 denique
930 1141 1054 1201 doetrina
1077 1140 1234 1208 eruditus;

354 1239 490 1321 postremo
511 1237 689 1317 philosophus
709 1236 762 1298 erit
781 1240 902 1300 mundus.
940 1240 1028 1318 Saepe
1042 1235 1129 1311 dixti,
1148 1235 1230 1296 nihii

355 1339 418 1400 fieri
430 1337 485 1398 stne
497 1337 572 1410 Deo,
590 1357 643 1396 nec
665 1336 751 1396 ullam
765 1335 822 1396 vim
839 1335 891 1398 esse
909 1351 1035 1410 naturae,
1054 1355 1084 1398 ut
1098 1335 1141 1396 sui
1155 1332 1234 1394 diffi-

357 1437 436 1498 milia
449 1431 534 1516 posset
544 1432 684 1518 effingere.
717 1435 876 1496 Concedam
886 1455 943 1496 non
955 1437 1037 1494 modo
1052 1434 1234 1495 animantem

357 1530 541 1612 &sapientem
554 1529 608 1593 effe
621 1533 765 1606 mundum,
774 1532 818 1592 sed
832 1527 973 1592 fidicinem
985 1531 1083 1606 etiam,
1093 1534 1126 1594 ἂ
1139 1527 1248 1590 tibici-

357 1653 433 1706 nem,
452 1630 581 1709 qnoniam
604 1653 698 1692 earum
720 1652 829 1710 quoque
849 1631 949 1692 artium
972 1631 1103 1692 homines
1133 1652 1171 1691 ex
1193 1647 1238 1710 ‘eo

358 1747 539 1822 procreantur
553 1737 564 1790 ἲ
601 1729 686 1790 Nihil
700 1729 784 1810 igitur
795 1729 884 1788 adfert
894 1745 973 1808 pater
985 1729 1034 1790 iste
1054 1729 1237 1799 Stoicorum,
1263 1733 1265 1744 ⁴

359 1849 443 1907 quare
457 1830 589 1889 mundum
602 1827 708 1888 ratione
721 1827 761 1886 uri
774 1845 910 1906 putemus,
928 1847 982 1888 nec
993 1847 1043 1888 cur
1054 1827 1236 1888 animantem
1271 1889 1275 1901 ¹
1338 1823 1339 1838 ¹

358 1924 469 2004 quidem
482 1927 545 1989 effe.
584 1931 651 2002 Non
664 1927 701 1988 est
714 1925 798 2010 igitur
819 1928 934 1990 mundus
955 1925 1038 1988 Deus.
1075 1927 1116 1988 Et
1137 1942 1236 1986 tamen

357 2014 430 2073 nihil
441 2018 480 2075 est
494 2039 529 2077 eo
543 2022 660 2080 melius:
690 2019 763 2079 nihil
784 2020 823 2079 est
837 2018 911 2079 enirn
924 2040 959 2080 eo
971 2016 1129 2097 pulchrius,
1158 2013 1238 2099 nihii

359 2109 513 2196 salutarior,
533 2114 605 2171 nihil
628 2113 709 2171 nobis
732 2116 854 2172 ornatius
875 2117 996 2193 aspediu,
1017 2131 1151 2194 motuque
1165 2135 1238 2174 con-

354 2209 478 2272 stantius.
514 2199 598 2290 Quid
612 2205 630 2266 fi
645 2211 761 2266 mundus
783 2211 927 2270 universus
948 2233 1005 2270 non
1019 2213 1056 2270 eii
1072 2211 1166 2281 Deus,
1198 2229 1245 2270 ne

361 2306 458 2368 stellae
469 2289 590 2386 quidem,
609 2306 688 2380 (quas
713 2289 744 2362 tu
763 2302 981 2374 inumerabiles
992 2304 1020 2363 in
1033 2301 1164 2362 Deorum
1180 2325 1240 2363 nu-

323 2435 327 2442 ·
362 2421 442 2463 mero
464 2399 634 2481 reponebas)
656 2420 768 2478 quatum
788 2416 815 2460 te
837 2401 931 2462 cursus
943 2399 1099 2480 aequabiles
1110 2399 1239 2460 aeterni-

363 2517 415 2576 que
424 2497 599 2558 delediabant
613 2515 692 2556 :nec
705 2495 871 2558 mehercule
884 2495 1000 2578 injuria:
1021 2497 1080 2556 sunt
1092 2493 1170 2555 enim
1185 2497 1237 2554 ad-

364 2594 488 2653 mirabili
501 2591 712 2668 incredibiiique
721 2595 879 2654 constantia,
900 2597 956 2654 Sed
969 2615 1026 2654 non
1039 2595 1144 2670 omnia,
1166 2595 1236 2653 Bal.

366 2691 413 2762 be,
433 2709 500 2768 quae
512 2689 606 2748 cursus
618 2679 707 2748 certor
717 2693 748 2752 δε
761 2689 912 2751 constantes
922 2691 1036 2763 habent,
1055 2713 1087 2750 ea
1100 2693 1167 2752 Deo
1181 2713 1233 2770 po-

312 2806 348 2848 10
365 2785 420 2846 titis
439 2785 584 2845 tribuenda
607 2787 677 2860 sunt,
709 2790 789 2865 quim
813 2803 936 2848 naturae.
973 2786 1049 2868 Quid
1063 2788 1238 2849 Chalcidico
1337 2843 1338 2866 p

364 2886 471 2964 Euripo
484 2883 513 2945 in
526 2877 603 2945 motu
618 2878 768 2946 identidem
782 2885 979 2964 reciprocando
992 2903 1071 2966 putas
1091 2883 1155 2945 fieri
1170 2883 1237 2966 pos-

366 2987 393 3046 se
405 2982 590 3045 constantius?
609 2983 676 3062 quid
688 2980 759 3046 freto
772 2983 932 3046 Siciliensi?
961 2984 1028 3068 quid
1047 2983 1155 3047 Oceani
1175 2985 1234 3045 fer-

368 3103 436 3144 vore
454 3083 512 3143 iilis
523 3081 550 3141 in
564 3081 645 3155 locis,

413 3169 536 3242 'Europam
550 3163 694 3242 Libyamque
706 3167 785 3238 rapax
797 3161 837 3219 uhi
853 3161 951 3219 divim
963 3165 1043 3220 unda?

367 3255 464 3337 Qud?
484 3253 572 3313 aestus
586 3251 726 3313 maritumi
739 3253 783 3313 vel
804 3251 1019 3331 Hispaniensts„
1034 3252 1079 3313 vel
1093 3245 1233 3316 Britanni-

370 3352 408 3425 ci,
426 3367 571 3427 eorumque
581 3348 663 3407 certis
676 3347 845 3426 temporibus
858 3349 902 3408 vel
916 3347 1033 3410 acceffus
1046 3349 1091 3408 vel
1104 3349 1230 3422 recess'ns,

367 3447 423 3508 stne
434 3433 499 3506 Deo
515 3442 578 3504 fieri
594 3465 686 3506 nonne
705 3441 810 3524 possunt
824 3453 835 3505 t
873 3443 959 3519 Vide,
977 3447 1088 3524 quaeso,
1107 3444 1234 3507 sromnis

364 3562 465 3621 motus,
483 3539 640 3624 unumne,
650 3563 720 3623 quae
732 3541 815 3604 certis
827 3541 995 3622 temporibus
1006 3542 1132 3604 ordinem
1148 3544 1230 3602 soom

1060 3638 1229 3703 construam
