2694 4428
489 371 688 450 Lissa
731 361 821 451 11.¹
1036 381 1090 484 99·

164 517 260 604 lingua
277 521 401 605 adjuvati
414 519 534 586 uidente.
572 520 716 603 Linguam
728 538 821 582 autem
834 520 869 581 ad
886 519 991 584 radices
1002 544 1034 586 e-

159 619 200 700 jus
223 623 337 680 haerens
358 617 463 698 excipit
485 619 655 695 llonnacliuS,
675 621 729 700 quo
741 619 862 699 primum
876 609 1034 685 inlabuntur

163 737 198 778 ea
211 736 280 795 quae
292 734 404 796 accepta
417 720 480 779 sunt
494 743 501 777 :
523 715 578 778 oris
590 733 703 798 utraque
716 738 751 778 ex
763 733 841 797 parte
854 717 976 780 tonsillas
983 717 1033 781 ad·
1078 772 1080 778 ,

162 815 285 895 tingens,
303 816 397 894 palato
414 832 540 878 extremo
559 834 639 896 atque
654 815 755 878 intimo
768 815 939 879 terminatur.
977 805 1033 880 m.

158 936 214 994 que
242 914 266 974 is
285 913 435 998 agitatione
454 919 486 978 δι
499 914 620 977 motibus
638 915 750 998 linguae
767 936 833 978 cum
845 909 988 997 depulsum
1000 921 1034 982 dt

159 1013 234 1095 quasa
259 1016 397 1078 detrudam
419 1006 515 1077 cibum
546 1015 662 1094 accepit,
680 1015 803 1094 depellit.
842 1013 1033 1095 Ipliusautem

155 1127 318 1189 parteseae,
337 1131 403 1190 quae
416 1110 476 1172 sunt
486 1109 558 1172 infra
568 1111 598 1171 id
610 1113 683 1192 quod
692 1113 846 1186 devoratur,
856 1111 1006 1176 dilatantur
1019 1137 1028 1172 z

157 1225 230 1283 quae
241 1221 334 1266 autem
348 1206 437 1286 supra,
457 1207 667 1270 contrahuntur.
704 1208 760 1268 Sed
773 1207 838 1270 ciam
853 1213 945 1286 aspera
957 1225 1031 1270 atte-

153 1302 270 1378 tia(s1c
294 1295 370 1366 enlm
390 1299 533 1368 {medicis
550 1305 726 1386 appellatur)
738 1304 838 1368 ostium
859 1305 960 1366 habeat
980 1308 1030 1366 ad-

151 1400 279 1481 jundtum
298 1401 410 1486 linguae
422 1403 579 1480 radicibus„
596 1403 693 1483 paullo
703 1403 782 1483 supra
799 1399 877 1482 qudm
889 1402 924 1461 ad
935 1403 1031 1486 lingu-

154 1518 201 1570 atq
214 1497 370 1561 stomachus
391 1499 559 1575 adnedlitur,
577 1519 663 1579 eaque
675 1499 711 1559 ad
722 1497 868 1580 pulmones
877 1493 1029 1580 ustquepet-

152 1592 249 1668 tineat,
267 1593 439 1676 excipiatque
462 1594 585 1656 animam
603 1615 678 1670 eam,
694 1609 763 1675 quae
775 1595 859 1655 dudla
878 1593 911 1656 stt
923 1591 1031 1677 spiritu,

153 1691 322 1772 eandemque
346 1692 362 1752 d
382 1691 567 1772 pulmonibus
594 1690 707 1771 respiret
727 1692 759 1754 dt
778 1691 875 1751 reddat
885 1711 895 1762 ;
926 1690 1030 1772 tegitur

150 1790 269 1866 quodam
292 1788 365 1868 quast
388 1791 537 1870 operculo:
571 1792 644 1870 quod
666 1789 787 1852 obeam
800 1789 918 1852 caussam
930 1791 1028 1852 datum

148 1885 201 1960 est,
220 1907 267 1962 ne,
287 1886 386 1966 siquid
399 1884 428 1947 in
441 1907 503 1946 eam
527 1885 586 1976 cibi
597 1887 670 1951 fonte
692 1887 839 1964 incidisset,
859 1886 966 1968 spititus
983 1886 1027 1950 in-

150 1983 301 2063 pediretur.
339 1985 395 2045 Sed
415 1983 482 2046 caim
497 1981 565 2075 'alvi
586 2001 693 2062 natura,
726 1985 844 2069 subjedla
866 1986 1039 2063 stomacho,

89 2091 91 2096 '
146 2081 208 2144 cibi
228 2083 260 2144 δι
282 2080 401 2163 potionis
420 2081 452 2143 stt
471 2082 693 2164 receptaculum,
723 2084 870 2164 pulmones
882 2103 973 2146 autem
986 2082 1021 2147 dt

150 2201 200 2242 cot
221 2181 394 2244 extrinsecus
418 2176 540 2262 spiritum
564 2183 715 2244 adducantt
743 2180 773 2240 in
785 2181 851 2240 alvo
863 2181 951 2239 multa
964 2179 1026 2240 sum

148 2278 315 2342 mirabiliter
332 2277 444 2355 ell'elfta,
463 2300 534 2358 quae
548 2279 654 2338 constat
666 2276 723 2335 sete
737 2277 753 2334 ὲ
767 2275 867 2336 nervis.
907 2275 955 2333 Est
974 2295 1025 2359 au-

116 2416 119 2422 -
151 2392 208 2437 tem
226 2376 376 2454 multiplex
391 2379 423 2437 dt
436 2375 570 2448 tortuosa,
591 2386 718 2450 arcetque
729 2367 903 2445 &continet,
922 2364 977 2433 live
989 2365 1026 2431 il·

147 2478 201 2538 lud
220 2477 329 2537 aridum
342 2475 382 2534 est
399 2471 457 2534 five
472 2470 631 2546 humidum,
649 2471 724 2548 quod
736 2461 846 2549 recipit,
867 2487 899 2530 ut
916 2469 945 2530 id
963 2493 1025 2535 mu·
1083 2551 1085 2561 1

149 2576 204 2640 tati
216 2579 248 2639 de
260 2571 396 2654 concoqui
409 2571 492 2654 poilit
507 2594 517 2646 ς
535 2559 621 2650 eaque
633 2587 692 2632 tum
702 2567 889 2652 adstringitur,
908 2585 966 2632 uam
977 2591 1023 2631 rc-

146 2680 270 2751 laxatur,
288 2691 369 2754 atque
390 2693 486 2747 omne,
505 2673 581 2753 quod
606 2668 724 2749 accepit,
743 2669 831 2751 cogit,
850 2670 882 2732 dt
900 2667 1019 2732 confun-

146 2778 206 2838 dit:
228 2791 259 2836 ut
271 2771 353 2834 facile
366 2773 398 2835 dt
410 2757 520 2844 calore,
537 2787 619 2849 quem
633 2768 752 2830 multum
772 2765 856 2826 habet
869 2763 1021 2827 exserendo
1137 2835 1143 2852 g

105 2929 109 2936 .
146 2873 223 2946 oibo,
242 2874 274 2934 δι
287 2885 426 2949 praeterea
451 2865 548 2948 spiritu
575 2865 669 2950 omnia
693 2862 790 2924 enadda
802 2876 882 2940 atque
895 2859 1021 2922 confedla

149 2971 181 3032 in
198 2969 335 3050 reliquum
357 2986 457 3046 corpus
477 2961 647 3024 dividantur.
689 2963 722 3022 In
735 2957 914 3042 pulmonibus
925 2976 1017 3020 autem
1040 2983 1076 3046 55

144 3072 214 3134 inest
236 3069 332 3132 raritas
356 3067 499 3148 quaedam,
525 3065 556 3126 dt
580 3060 711 3124 adsimilis
724 3052 845 3141 spongiis
855 3059 1021 3134 mollitudo,

150 3172 187 3232 ad
200 3169 383 3229 hattriendum
396 3161 520 3244 spiritum
533 3158 688 3240 aptiffima:
709 3153 756 3238 qui
781 3173 841 3216 tum
866 3155 893 3216 se
914 3172 1025 3216 contra·-

145 3271 216 3331 hunt
231 3265 409 3345 adspirantes,
427 3279 486 3323 tum
504 3261 532 3323 se
553 3258 583 3321 in
605 3255 730 3338 suspiritu
749 3254 885 3326 dilatant3
904 3270 935 3313 ut
956 3254 1014 3314 ste-

146 3381 263 3450 queutet
275 3367 389 3426 dueatur
400 3360 480 3423 cibus
491 3357 629 3432 animalis,
648 3377 704 3436 quo
724 3351 851 3418 mantum&
865 3353 975 3415 aluntur
986 3371 1018 3410 a·

144 3464 289 3527 nimantes.
327 3461 372 3522 Ex
383 3455 522 3521 intestinis
533 3453 784 3528 autem[&alvo]
799 3453 913 3512 secretus
931 3450 947 3508 ὲ
970 3466 1020 3507 te-

144 3562 218 3644 liquo
229 3561 296 3628 cibo
308 3561 400 3624 succus
413 3557 448 3636 is,
466 3575 522 3638 quo
534 3555 649 3628 alimur,
666 3561 809 3634 permanat
821 3550 857 3610 ad
872 3549 949 3629 jecur
971 3561 1020 3619 per

602 3653 632 3711 G
653 3669 670 3712 2
937 3637 1066 3722 quasdam
