2698 4444
283 417 360 523 142'
446 415 511 496 Dr
542 410 784 495 Nanunn
825 411 1069 494 Deorum
1144 379 1145 384 i

311 619 315 624 .
334 566 451 632 nescille.
475 565 589 628 Utinam
610 565 740 644 quidem!
774 565 899 627 sednon
912 561 1064 626 audebitis:
1094 585 1148 628 noa
1167 581 1199 628 ea

280 683 316 746 32
335 668 392 729 nitn
406 665 518 750 ignoro,
537 666 631 746 quanti
651 666 709 746 ejus
729 684 833 726 numen
851 663 959 744 putetis.
995 668 1050 726 ded
1072 667 1121 729 hie
1142 669 1201 748 qui

333 765 398 825 dem
411 765 490 826 locus
503 764 796 844 concludip'ampotest
844 765 923 823 Nam
946 761 966 822 li
991 763 1110 839 stultitia,
1129 785 1199 825 con-

335 865 410 927 sensu
422 867 549 928 omnium
562 866 803 946 philosophorum,
823 865 909 946 majus
923 865 962 924 eli
980 863 1093 937 malum,
1116 868 1199 941 quim

334 963 355 1024 st
376 961 468 1025 omnia
487 967 560 1026 mala
584 969 616 1028 ὅτ
635 965 762 1025 fortunae
775 967 805 1026 dc
818 962 946 1043 corporis
966 985 1003 1026 ex
1024 966 1110 1024 altera
1121 982 1197 1042 parte

332 1079 470 1142 ponantur
478 1083 486 1134 ;
506 1062 664 1140 sapientiam
677 1079 767 1124 autem
780 1081 863 1122 nemo
875 1061 1050 1140 adsequitur:
1081 1062 1110 1120 in
1124 1062 1181 1121 sum
1195 1095 1198 1104 ·

333 1157 385 1218 mit
398 1157 477 1218 malis
489 1177 585 1221 omnes
597 1161 699 1234 sumus,
718 1157 816 1240 quibus
827 1179 877 1218 vos
889 1155 999 1236 optumi
1011 1154 1195 1218 consultumd

333 1253 388 1318 Dis
398 1251 593 1318 inmortalibus
606 1255 708 1320 dicitis.
748 1257 823 1316 Nam
836 1269 869 1316 ut
881 1253 953 1314 nihil
967 1255 1086 1330 interest,
1105 1272 1197 1317 utrum

336 1375 419 1420 nemo
439 1357 541 1434 valeat,
568 1378 604 1420 an
627 1375 710 1421 nemo
722 1357 923 1440 polit-valere:
952 1360 990 1423 lic
1001 1381 1058 1422 non
1071 1357 1200 1440 intelligo

333 1455 402 1534 qnid
413 1451 529 1534 interiit,
551 1463 643 1520 utrum
655 1476 738 1518 nemo
751 1453 783 1516 fit
796 1455 909 1536 sepiens,
927 1475 962 1519 an
974 1477 1059 1520 nemu
1074 1458 1128 1519 else
1141 1455 1203 1536 pos-

334 1553 374 1614 stt.
412 1553 458 1617 Ac
470 1577 521 1616 noe
532 1554 642 1637 quidem
657 1556 741 1616 nimis
753 1555 841 1617 multa
854 1559 889 1619 de
904 1579 934 1619 re
945 1557 1116 1637 apertiffima.
1139 1557 1201 1617 Te-

333 1649 410 1711 lamo
421 1667 512 1714 autern
525 1669 580 1716 uno
593 1653 672 1716 versu
685 1655 779 1714 locum
793 1651 1021 1729 rotum'eonficit‚
1033 1672 1082 1715 eur
1094 1653 1134 1713 Di
1146 1654 1201 1713 ho-

333 1751 591 1838 milesnegligant:

391 1857 457 1912 Nam
461 1855 490 1932 st
498 1869 587 1927 cuent,
607 1853 663 1912 bend
675 1853 790 1936 betisste,
802 1853 866 1912 mali
879 1853 968 1910 maliti
988 1853 1050 1931 quui
1058 1869 1117 1910 nanc
1129 1851 1197 1929 abest.

331 1945 480 2009 Debebant
502 1950 547 2010 illi
564 1949 678 2028 quidem
700 1967 796 2012 omnes
814 1953 904 2010 bonos
916 1945 1036 2021 efficere,
1056 1947 1196 2027 siquidem

332 2041 477 2100 hominum
502 2045 599 2122 generi
623 2047 812 2107 consulebant.
852 2046 903 2107 Sin
929 2045 957 2106 id
980 2045 1090 2117 rnimis3
1117 2043 1200 2104 bunia

336 2136 448 2216 quidem
460 2137 534 2196 cerri
546 2139 691 2198 consulere
703 2141 849 2201 debebant.
889 2145 949 2203 Cur
961 2143 1047 2225 igitur
1059 2145 1116 2203 duo
1138 2142 1201 2204 Sci-

333 2232 441 2314 piones,
458 2229 613 2292 fortillrmos
625 2237 796 2309 &optumos
814 2233 900 2308 viros,
922 2237 951 2295 in
974 2237 1107 2314 Hispania
1127 2240 1201 2298 Pee-

336 2351 388 2396 nus
398 2329 551 2421 oppreiliti
588 2331 649 2392 Cur
674 2327 819 2390 Maximus
840 2332 941 2392 extulit
961 2331 1052 2391 lilium
1073 2335 1201 2395 consula·

333 2435 418 2491 rem!
443 2424 503 2488 Cur
516 2423 688 2489 Marcellam
702 2426 843 2488 Hannibal
856 2425 1016 2487 interemit?
1045 2427 1202 2492 Curtl’aul-

333 2525 393 2589 lutn
405 2525 518 2587 Cannae
533 2521 711 2587 sustulerint?
730 2523 790 2584 Cur
802 2524 958 2585 Poenorum
970 2525 1130 2588 crudelitati
1140 2529 1203 2590 Re-

335 2625 397 2711 guli
408 2641 505 2706 corpus
516 2625 555 2685 est
566 2621 743 2703 praebitum?
780 2623 840 2685 Cur
862 2624 1028 2686 Africanum
1056 2628 1202 2693 domellici

332 2725 449 2805 parietes
460 2739 518 2784 non
539 2731 690 2786 texerunt!
729 2723 785 2784 see
805 2725 875 2784 haec
888 2741 992 2800 vetera,
1010 2727 1042 2788 ὃς
1068 2727 1123 2788 alia
1135 2749 1199 2808 per-

333 2820 441 2884 multa:
461 2821 590 2902 propiora
603 2821 751 2882 videamus.
788 2821 848 2883 Cur
869 2823 1020 2884 avunculus
1043 2845 1127 2898 meus,
1154 2826 1199 2887 vir

333 2915 566 2982 innoeenriffimus
579 2916 705 2997 idemque
718 2915 898 2996 dodlillimus,
918 2921 947 2981 Ρ.
969 2919 1096 2981 Rutilius
1108 2923 1137 2984 in
1149 2945 1200 2986 ert-

337 3015 400 3082 stllo
411 3019 473 3080 elii
490 3003 543 3079 cur
554 3003 653 3078 sedalis
666 3035 743 3079 rneus
755 3017 915 3080 imerfeiius
926 3018 1004 3079 domi
1025 3021 1097 3096 suae,
1121 3023 1201 3084 Dru-

335 3115 399 3180 sus?
418 3131 469 3177 cur
487 3115 681 3197 temperantiae
694 3117 907 3198 prudentiaeque
922 3118 1069 3197 specimen,
1089 3139 1150 3183 ante
1163 3122 1199 3181 fi-

334 3213 487 3278 mulacrum
510 3213 620 3291 Veliae,
638 3213 763 3294 pontifex
786 3233 930 3276 maxumus
948 3215 988 3275 eli
1004 3218 1044 3296 Q
1064 3215 1199 3276 Scaevola

335 3309 505 3374 trucidante?
524 3331 574 3374 cut
586 3313 648 3372 antri
661 3311 747 3373 etiarn
759 3329 801 3372 tot
814 3313 934 3373 civitatis
946 3311 1084 3392 principes
1096 3315 1111 3372 i
1129 3315 1199 3375 Clu-

334 3423 370 3467 na
383 3405 557 3487 interempti?
577 3427 626 3469 cur
640 3409 763 3470 omniurn
776 3408 1061 3489 pet·lidioi1lltmus,C.
1076 3411 1198 3487 Marius,

339 3503 529 3586 Qilaurlum,
547 3505 769 3586 praeliantiffima
781 3507 914 3592 dignitate
927 3509 1028 3584 virum,
1054 3511 1127 3570 mori
1145 3527 1195 3587 pa-

311 3603 389 3665 ¹tuit
405 3601 523 3686 juberet
551 3598 620 3666 Dies
640 3604 762 3684 deliciet,
782 3603 902 3669 srvelim
925 3625 1077 3688 numerare,
1096 3607 1196 3745 qpibut

415 3717 418 3723 ι
1133 3701 1194 3745 onn
