2698 4444
304 419 354 524 98
440 421 505 498 Du
548 415 796 498 Nuuuurt
844 364 1085 497 Deorum

368 574 437 634 leres
449 573 479 633 bt
493 567 564 630 certi
576 565 740 648 diriguntur.
780 567 876 627 Multa
889 570 1084 647 praetereunda
1098 567 1173 627 sunt:
1194 567 1228 628 bc

363 685 455 731 tamen
476 668 565 728 multa
586 666 719 728 dicuntur.
758 666 923 726 Enumerari
946 667 1020 727 enim
1040 689 1096 726 nort
1116 663 1213 745 polluo

364 768 508 845 fluminum
522 766 753 848 opportunitates:
774 765 861 825 aestus
875 765 1017 826 maritumi
1038 766 1155 825 multiun
1178 786 1225 822 ac-

363 871 533 932 cedentes&
546 869 718 929 recedentes:
755 883 863 926 montes
883 866 973 926 vestiti
985 883 1064 947 atque
1077 865 1228 926 silvestres:

366 969 466 1030 salinae
479 967 514 1028 ab
534 987 581 1026 ora
604 965 750 1025 marituma
775 965 987 1026 remotillimae:
1019 966 1231 1026 medicamento-

364 1085 428 1128 rum
440 1061 596 1124 salutarium
618 1059 786 1142 plenillimae
809 1069 917 1123 terrae:
952 1080 1021 1123 artes
1046 1061 1161 1140 denique
1187 1061 1231 1119 in-

363 1159 560 1235 numerabiles,
579 1163 614 1221 ad
628 1157 733 1220 vidium
754 1162 838 1222 &ad
858 1161 944 1221 vitam
958 1159 1127 1221 uecellariae.
1165 1161 1233 1242 Jam

366 1256 421 1318 diei
433 1255 573 1336 nobilique
593 1254 745 1318 vicillitudo
767 1257 909 1317 conservat
923 1257 1087 1330 animantes,
1107 1255 1230 1316 tribuens

281 1391 284 1402 ·
367 1356 442 1418 aliud
455 1354 556 1438 agendi
567 1373 687 1436 tempus,
705 1356 780 1418 aliud
793 1355 954 1436 quiescendi.
977 1357 1025 1418 Sic
1037 1355 1156 1435 undique
1168 1374 1227 1412 orn-

366 1452 398 1514 ui
409 1451 516 1513 ratione
528 1453 717 1528 concluditur,
737 1468 828 1514 mente
841 1451 1011 1532 'consilioque
1022 1453 1120 1514 divino
1141 1449 1232 1512 omnin

364 1549 395 1610 iu
410 1550 466 1610 boc
478 1552 583 1610 mundo
604 1554 640 1611 ad
662 1553 774 1614 salutem
795 1551 920 1614 omnium
935 1551 1234 1629 ,conservationemque

368 1642 569 1707 admirabiliter
593 1646 786 1708 administrati.
825 1648 876 1708 Sin
895 1665 1006 1727 quaerat
1026 1647 1172 1727 quispiam,
1190 1667 1237 1706 cu-

364 1743 469 1830 jusnam
480 1740 569 1804 cautla
582 1760 716 1806 tantarum
740 1767 833 1807 rerum
856 1744 967 1805 molitio
989 1745 1062 1804 farta
1085 1744 1137 1806 stt:
1158 1745 1235 1804 arboa

366 1863 464 1904 rumne
476 1845 506 1904 bc
519 1842 692 1906 herbarum?
722 1868 790 1926 quae
803 1867 968 1928 quamquam
990 1843 1045 1904 fine
1067 1845 1145 1905 sensu
1170 1845 1235 1915 sunt,

364 1952 456 1996 tamen
469 1940 483 1996 :i
495 1955 592 1999 natura
607 1940 785 2002 firllinentur:
815 1959 845 2001 at
856 1941 884 2002 id
897 1939 1007 2019 quidem
1025 1939 1173 2000 absurdum
1186 1938 1235 1998 eli.-

364 2032 413 2092 An
434 2031 606 2094 bestiarum?
638 2037 732 2095 nihilo
755 2037 937 2116 probabilius,
959 2037 1035 2096 Deos
1055 2052 1192 2096 mutarum
1205 2035 1235 2094 δε

365 2130 438 2192 nihil
450 2129 666 2214 intelligentium
687 2133 776 2192 cautla
798 2150 905 2193 rantum
928 2133 1068 2194 laborasse.
1109 2137 1238 2215 Quorum

367 2226 453 2310 igitur
464 2226 552 2288 eauss'a
567 2227 628 2307 quis
640 2227 740 2289 dixerit
752 2227 881 2289 effectum
900 2228 954 2288 effe
975 2229 1137 2288 mundum?
1177 2229 1234 2287 Eo-

368 2349 428 2388 rum
442 2325 546 2387 scilicet
559 2326 749 2401 animantium,
767 2348 834 2407 quae
847 2325 953 2386 ratione
966 2341 1086 2387 utuntur.
1111 2323 1153 2384 Hi
1174 2325 1235 2384 sunt
1310 2361 1311 2402 q

366 2425 408 2486 Di
421 2431 451 2488 dt
461 2427 608 2496 homines3
627 2425 723 2505 quibus
734 2425 859 2505 profcdlo
873 2424 944 2484 nihil
958 2425 996 2484 etr
1020 2422 1135 2483 meliust
1165 2422 1238 2482 ratio
1309 2429 1310 2482 l

309 2605 312 2612 Δ
365 2523 404 2584 est
416 2523 501 2596 euim,
522 2545 590 2603 quae
602 2523 719 2600 praestat
732 2523 875 2584 omnibus:
905 2522 944 2582 ita
964 2521 997 2581 fit
1009 2520 1156 2595 credibile,
1176 2522 1232 2581 De-

364 2637 444 2676 orum
456 2619 488 2678 &
501 2616 645 2676 homiuum
658 2615 748 2676 caulia
761 2617 864 2676 factum
880 2617 937 2677 elle
952 2617 1097 2692 mundum,
1117 2638 1234 2698 quaeque

311 2733 347 2793 54
366 2711 393 2771 in
406 2733 441 2773 eo
456 2715 560 2772 mundo
573 2711 626 2772 fint
638 2712 738 2772 omnia.
770 2713 939 2792 Faciliusque
953 2713 1132 2796 intelligitur,
1153 2736 1168 2773 a
1182 2710 1234 2773 Dis

364 2806 559 2868 inmortalibus
568 2806 792 2870 hominibuselle
804 2807 952 2888 provilitm,
972 2807 990 2868 st
1002 2809 1054 2869 erit
1066 2829 1124 2870 tota
1138 2811 1228 2872 homi-

363 2905 407 2966 nis
420 2907 565 2968 fabricatio
577 2907 730 2986 perspecta,
739 2907 878 2988 omnisque
891 2906 1025 2968 humanae
1037 2912 1151 2970 naturae
1165 2910 1231 2992 figu-

366 3026 396 3064 ra
410 3021 490 3086 atque
501 3003 644 3085 persedio.
683 3004 758 3063 Nam
778 3005 842 3064 ciun
856 3001 944 3063 tribus
957 3003 1038 3066 rebus
1050 3003 1228 3067 animantium

365 3104 421 3164 vira
444 3121 578 3179 teneatur,
596 3103 677 3178 cibo,
692 3102 816 3182 potione,
836 3101 947 3180 spiritu:
980 3107 1016 3164 ad
1040 3107 1110 3166 haec
1138 3102 1227 3166 omnia

362 3201 539 3280 percipienda
559 3223 591 3261 os
611 3201 652 3262 est
673 3199 847 3280 aptiffimum,
878 3201 951 3280 quod
973 3203 1108 3283 adjunctis
1119 3205 1225 3265 naribus

363 3295 457 3372 spiritu
470 3314 592 3376 augetur.
622 3297 759 3359 Dentibus
771 3314 861 3356 autem
877 3295 904 3354 in
918 3317 966 3358 ore
977 3299 1142 3360 constructis
1152 3319 1223 3359 man-

357 3392 445 3463 ditur,
464 3408 545 3469 atque
557 3392 592 3451 ab
605 3391 649 3452 his
660 3395 864 3456 extenttntur&
879 3395 995 3456 molitur
1005 3397 1090 3460 cibus.
1125 3401 1222 3459 Eorum

361 3487 463 3547 aduerfi
477 3488 550 3548 acuti
563 3491 654 3550 morsu
677 3490 805 3550 dividunt
826 3493 897 3554 escas
907 3516 915 3564 ;
936 3481 1028 3555 iritimi
1051 3513 1139 3558 autent
1159 3516 1223 3555 cou-

365 3583 535 3664 ficiunt,-qui
556 3586 670 3669 genuini
693 3605 843 3650 vocantur:
873 3611 942 3668 quae
961 3592 1100 3655 confectio
1112 3591 1221 3650 etiams

482 3677 484 3682 ¹
1125 3687 1218 3771 lingua
