2676 4368
305 393 361 493 ’με
423 389 536 470 ·Dr
564 380 1081 468 NnruttDtonunt

364 551 432 606 'ntra
444 540 592 615 consentit,
602 536 632 597 id
641 557 738 600 venum
750 533 805 596 else
817 530 923 599 neoell'e
932 535 980 596 eil.
996 534 1060 598 Effe
1070 531 1246 620 igitur-Deos

367 640 560 710 confitendum
572 637 621 698 est.
649 633 868 718 Quodquoniam
878 633 935 694 fer&
944 635 1050 709 conflat
1061 636 1134 698 inter
1145 657 1246 698 omnes
1331 625 1332 682 ἓ

368 759 428 802 nott
449 735 632 818 philosophos
652 732 755 805 solum,
775 727 919 790 sedetiam
938 731 1066 795 indoctos
1082 753 1092 805 ;
1107 732 1245 794 fateamur

367 833 494 897 constare
516 830 590 890 illud
611 829 707 903 etiam,
726 828 800 890 hanc
817 850 870 891 nos
880 828 986 890 habere
998 827 1054 890 five
1067 827 1244 909 anticipatio-

371 951 450 1005 nem,
468 943 500 987 ut
515 925 578 987 ante
591 923 662 998 dixi,
681 921 737 996 five
749 924 960 1004 praenotionem
973 925 1119 986 Deorum:
1144 925 1203 988 sum
1215 943 1247 985 e-

370 1028 430 1093 nim
443 1023 525 1086 rebus
540 1022 620 1084 novis
631 1042 704 1082 nova
725 1023 853 1104 ponenda
865 1022 991 1097 nomina,
1009 1039 1041 1082 ut
1053 1021 1189 1104 Epicurus
1202 1020 1246 1102 ip.

372 1124 557 1208 staplandrv
570 1117 732 1200 appellavit,
751 1139 832 1200 quam
845 1135 924 1181 antea
935 1139 1021 1180 nemo
1041 1141 1078 1186 eo
1096 1119 1183 1182 verbo
1195 1139 1247 1182 no·

371 1221 499 1282 minaret.
538 1219 621 1278 Hanc
639 1213 725 1298 igitur
742 1215 877 1278 habemus
897 1231 930 1276 ut
947 1215 1025 1278 Deos
1036 1215 1134 1282 beatos
1151 1220 1183 1282 dt
1201 1215 1247 1276 in-

373 1315 506 1380 mortales
518 1329 654 1394 putemus.
693 1313 773 1394 Qtae
785 1314 861 1376 enim
872 1299 955 1374 nobis
973 1329 1070 1376 natura
1092 1311 1250 1375 informati·

376 1423 460 1476 onem
472 1413 600 1475 Deorum
613 1413 735 1494 ipsorum
748 1411 836 1490 dedit,
854 1415 952 1474 eadem
966 1405 1106 1494 insculpsit
1126 1411 1155 1472 in
1168 1431 1249 1472 men-

374 1513 462 1589 tibus,
480 1526 572 1574 uteos
584 1513 752 1576 aeternos&
766 1511 862 1572 beatos
874 1510 1050 1572 haberemus.
1083 1509 1168 1590 Qtod
1181 1505 1250 1568 stlta

375 1609 427 1684 est,
446 1605 510 1670 veri
524 1605 645 1686 exposita
658 1605 710 1666 illa
722 1607 856 1671 sententia
868 1607 907 1667 est
919 1607 955 1666 ab
968 1605 1100 1686 Epicuro,
1119 1608 1194 1693 Qud
1211 1604 1251 1662 le·
1329 1621 1332 1646 ⁴

374 1693 445 1765 atum
462 1719 629 1786 attentumque
642 1705 690 1784 fit,
718 1707 748 1763 id
766 1726 809 1765 nec
829 1705 916 1764 habere
934 1709 1008 1782 ipsum
1022 1705 1253 1786 negetiqricqram,
1331 1725 1332 1790 j

376 1821 420 1860 nec
438 1802 548 1862 exhibere
569 1805 643 1869 alteri
653 1823 662 1858 τ
691 1808 775 1900 itaqqre
794 1822 865 1882 neque
887 1807 939 1874 ira,
968 1783 1041 1884 nequi
1055 1807 1145 1880 gratia
1164 1803 1254 1872 teneri,
1330 1793 1332 1842 l

377 1903 450 1978 quid,
469 1921 531 1982 qaae
548 1903 614 1960 talia
634 1901 717 1978 effert,
736 1901 848 1958 inbecilla
860 1903 932 1980 effent
943 1907 1032 1958 onnia.
1071 1896 1104 1960 Si
1115 1895 1187 1957 nihil
1200 1891 1256 1954 ali·

376 1994 414 2053 ud
433 2014 634 2072 quaereremus,
653 1993 704 2052 nist
719 2011 751 2054 ut
774 1995 853 2056 Deos
873 1994 919 2076 pie
938 1996 1103 2076 coleremus,
1122 1996 1154 2058 δι
1166 2007 1198 2052 ut
1210 1990 1256 2050 su-

378 2085 540 2168 perstitione
565 2087 759 2158 liberaremur,
788 2087 853 2163 satis
886 2105 945 2148 erat
967 2089 1092 2150 dicrum:
1124 2110 1190 2148 nam
1221 2087 1255 2150 dt

377 2183 516 2264 praelians
538 2183 665 2244 Deorum
685 2197 793 2254 natura,
813 2183 960 2242 hominum
981 2182 1082 2260 pietate
1098 2179 1261 2260 coleretur,

314 2275 332 2294 ‘
380 2279 447 2342 etim
457 2283 489 2344 &
502 2297 613 2342 aeterna
625 2276 691 2340 eliet
700 2281 732 2341 δι
746 2276 897 2369 beatilltma
905 2299 915 2352 3
934 2278 1019 2338 habet
1029 2278 1104 2340 enim
1117 2280 1263 2342 venerati-

380 2397 465 2439 onem
475 2378 574 2460 justam
587 2375 715 2456 quicquid
727 2375 843 2437 excellit
857 2401 864 2436 ε
885 2379 917 2439 bc
932 2395 1022 2439 metus
1034 2375 1153 2438 omnisal
1171 2377 1201 2438 vi
1214 2394 1261 2440 at-

381 2495 437 2551 que
449 2475 490 2532 ira
504 2475 631 2534 Deorum
644 2473 735 2550 pulsus
754 2469 838 2544 eilet3
856 2472 1022 2554 intelligitur
1034 2473 1121 2549 enim,
1141 2476 1157 2533 εὶ
1175 2475 1260 2538 beata

382 2565 580 2645 inmortalique
593 2568 734 2627 natura&
748 2565 817 2626 iram
834 2569 866 2630 bc
888 2568 1007 2650 gratiam
1021 2569 1174 2652 segregari:
1194 2571 1259 2650 qui-

269 2699 273 2706 ·
383 2661 438 2723 bus
463 2663 588 2738 remotis,
607 2661 702 2722 nullos
724 2661 740 2719 ἑ
762 2662 866 2740 superis
892 2663 1042 2746 inpendere
1061 2681 1159 2733 metus.
1198 2669 1257 2731 Sed

382 2759 418 2820 ad
447 2758 522 2819 hanc
552 2755 773 2820 confirmandam
801 2759 962 2840 opinionem
998 2761 1120 2842 anquirit
1144 2761 1256 2825 animus

382 2855 415 2919 δί
447 2853 576 2930 formam,
607 2859 640 2922 bt
675 2858 773 2938 vitant,
805 2859 838 2920 δί
870 2851 1011 2922 actionem
1045 2858 1147 2924 mentis
1178 2876 1261 2941 atque

328 2953 366 3028 18
385 2951 565 3035 agitationem
587 2953 617 3018 in
642 2955 717 3020 Deo.
755 2945 801 3022 Ac
835 2960 870 3021 de
900 2961 992 3025 forma
1017 2957 1128 3040 quidem
1151 2957 1256 3038 partim

386 3040 484 3132 natura
518 3071 569 3112 nos
604 3056 745 3132 admonet,
766 3057 886 3136 'partim
917 3056 990 3119 ratio
1015 3057 1115 3115 docet:
1148 3073 1214 3116 nam
1240 3057 1257 3116 i

385 3163 482 3209 natura
493 3147 629 3211 habemus
647 3173 743 3223 omnes
761 3153 887 3216 omnium
908 3153 1047 3238 gentium,
1065 3150 1183 3232 speciem
1195 3152 1259 3216 nul-
1324 3141 1325 3144 ¹

316 3303 321 3333 ,
384 3242 443 3302 lam
465 3242 560 3320 aliam,
579 3245 628 3307 nifi
651 3250 813 3324 humanam,
841 3249 990 3311 Deorum:
1018 3269 1091 3329 quae
1110 3251 1186 3313 enim
1198 3251 1257 3312 alia

385 3339 477 3402 forma
490 3346 609 3406 occurrit
628 3369 757 3429 umquam
776 3365 822 3413 aut
834 3349 964 3434 vigilanti
976 3349 1117 3432 cuiquam,
1133 3366 1179 3414 aut
1190 3352 1260 3412 dor-

388 3435 507 3499 mienti?
544 3442 611 3520 Sed,
632 3461 668 3506 ne
680 3445 773 3506 omnia
785 3463 950 3508 revocentur
960 3451 996 3510 ad
1008 3448 1110 3529 primas
1120 3445 1263 3527 notiones,

320 3613 340 3646 ,⁸
384 3531 609 3604 ratiohocidem
622 3537 680 3622 ipss
692 3541 824 3608 declarat.
844 3541 1257 3650 Naqcumpnestantillirnm

1108 3663 1256 3731 naturam,
1320 3697 1325 3824 q
