2676 4368
261 365 326 454 ιθ
398 363 469 444 Dc
506 359 758 444 Ntuuns
805 363 1048 446 Duorum

318 516 420 578 denter
440 507 573 584 resilere.
609 510 701 574 Velut
712 511 860 592 Epicurus,
878 515 943 578 cum
956 516 1075 590 videret,
1093 513 1193 576 liatoae'

316 613 357 682 mi
369 611 506 676 limentur
518 612 549 676 iu
561 611 658 676 locum
672 609 834 678 inferiorem
854 615 949 694 suopte
960 617 1095 696 pondere,
1115 615 1193 679 nihil

315 708 416 780 mein
428 711 521 774 nostra
532 714 677 793 potestate,
696 713 776 790 qudd
788 711 854 774 esset
873 732 969 776 earum
989 709 1082 775 motus
1100 729 1195 777 certus

313 805 545 888 &neueffariuu
564 811 671 875 invenit
682 831 739 892 quo
752 811 1030 880 modoneceffitatem
1043 812 1191 896 eflugeret,

313 915 390 997 quod
402 915 536 978 videlicet
560 913 756 984 Democritum
768 911 885 996 fugerat.
905 912 960 976 Ait
970 927 1104 989 atomum,
1121 915 1188 978 clun

310 1007 479 1096 pondere&
491 1010 628 1096 gravitate
651 1009 756 1072 diredll
777 1011 890 1073 deorsus
912 1008 1027 1084 seramr,
1046 1009 1188 1075 declinare

262 1143 278 1178 ,·
309 1105 476 1194 paullulum.
518 1111 584 1171 l·loc
603 1108 698 1170 dicere
719 1107 826 1192 turpius
847 1104 898 1200 eli,
915 1111 994 1189 quim
1005 1109 1093 1191 ¹illud,
1112 1108 1188 1187 quod

308 1208 382 1285 volt,
400 1229 457 1270 non
471 1205 548 1290 poll'e
570 1205 727 1270 defendere.
768 1209 848 1270 Idem
861 1207 928 1269 facit
939 1224 1036 1269 contra
1057 1205 1188 1266 dialecti,

308 1325 375 1375 eost
395 1303 519 1388 lquibus
530 1307 596 1368 crim
615 1305 748 1368 traditum
770 1303 815 1382 stt,
834 1304 864 1366 in
877 1303 1006 1368 omnibus
1026 1303 1189 1388 disjunffio-

288 1483 292 1490 .
307 1401 404 1482 uibus,
426 1404 456 1466 iu
468 1405 569 1487 quibus
580 1419 625 1466 aut
637 1411 714 1466 etiam
733 1419 775 1466 aut
788 1424 833 1464 nm
844 1419 1007 1484 poneretur,
1020 1406 1186 1468 alterutrum

309 1518 407 1566 venum
421 1501 496 1576 esse;
516 1505 669 1585 pertimuit,
688 1526 736 1580 ne,
754 1499 940 1566 siconcessum
952 1499 1019 1566 esset
1032 1504 1189 1588 hujusmodl

306 1597 416 1678 aliquid
430 1609 481 1662 Aut
497 1608 574 1662 vr'vet
594 1624 650 1663 cras
676 1618 720 1664 aut
732 1625 776 1664 mn
787 1608 866 1664 viver
877 1607 1005 1681 Epicurus,
1021 1601 1188 1675 alterutrum

307 1687 391 1762 fieret
408 1691 586 1759 necessarium
597 1721 606 1772 ;
626 1713 717 1759 totum
739 1698 795 1760 hoc
817 1713 862 1760 aut
874 1706 952 1758 etlam
964 1716 1008 1758 aur
1020 1722 1064 1766 m
1075 1701 1191 1781 negauit

305 1787 362 1864 elie
371 1789 559 1854 necellarium.
591 1795 657 1878 Quo
669 1792 733 1874 quid
745 1793 803 1855 dici
815 1793 905 1874 potest
917 1793 1060 1862 obtusius?
1092 1796 1188 1877 Urge,

274 1919 276 1926 v
305 1887 357 1950 bat
368 1887 507 1950 Arcefilas
517 1891 675 1966 Zenonem,
693 1891 760 1952 clun
783 1890 840 1970 ipse
858 1889 926 1950 salsa
949 1890 1045 1954 omnia
1067 1892 1196 1974 diceret,

307 1999 383 2064 quae·
401 1983 518 2048 sensibus
540 1987 719 2056 viderentur:
739 1985 838 2048 Zenon
860 2001 954 2047 autem
976 1988 1114 2048 nonnulla
1128 1987 1187 2050 su'sa

309 2077 365 2148 else
384 2078 466 2153 salsa,
485 2097 544 2139 non
563 2079 666 2138 omnia.
706 2080 821 2140 Timuit
832 2081 981 2158 Epicurus,
1001 2103 1048 2159 ne,
1067 2084 1189 2147 fimum

308 2177 397 2240 visiun
418 2171 486 2238 esset
507 2173 619 2248 falsum,
640 2173 753 2244 nullum
773 2173 839 2236 esset
852 2195 967 2247 verum;
987 2177 1190 2263 omnes-senilis¹

307 2273 371 2338 ueri
388 2271 502 2336 nuntios
513 2269 586 2348 dixit
597 2269 659 2337 esse.
698 2270 784 2332 Nihil
797 2273 911 2349 horum,
929 2270 980 2331 niu
993 2273 1102 2336 calide:
1122 2295 1189 2356 gra.

308 2371 417 2436 viorem
429 2369 506 2432 enim
518 2368 630 2450 plagam
642 2367 808 2447 accipiebat,
828 2386 857 2431 ut
878 2369 1014 2432 leviorem
1028 2367 1185 2449 repelleret.

307 2472 390 2534 Idem
401 2467 469 2529 facit
480 2467 510 2528 in
522 2483 618 2530 natura
630 2467 755 2528 Deorum
766 2494 773 2534 ;
787 2467 855 2535 dum
862 2467 1073 2530 individuorum
1082 2487 1185 2547 corpo-

307 2585 372 2628 rum
384 2559 592 2624 concretionem
609 2559 691 2640 fugit,
716 2580 751 2619 ne
761 2559 887 2620 interitus
895 2565 926 2624 δι
939 2563 1077 2642 diffipatio
1088 2564 1187 2625 conse-

309 2676 420 2742 quatur,
438 2670 522 2738 negst
533 2651 587 2714 elle
596 2673 696 2733 corpus
706 2647 846 2729 Deorum,
866 2655 912 2714 sed
968 2677 1052 2734 quam
1066 2677 1185 2736 corpus;

255 2767 292 2832 ιθ
311 2777 363 2822 nec
376 2751 548 2836 sanguinem,
566 2749 612 2810 scd
626 2765 753 2830 tanquam
766 2749 934 2834 sangumem.
956 2748 1093 2812 Mirabile
1106 2751 1187 2814 vide-

309 2859 367 2928 tur,
378 2849 453 2931 quod
462 2867 519 2912 non
532 2843 621 2914 rideat
632 2845 780 2926 haruspex,
797 2850 863 2908 cum
875 2847 1049 2926 haruspicem
1062 2846 1185 2911 viderit:

308 2948 366 3016 h'oc
374 2943 542 3022 mirabilius,
561 2946 636 3026 qudd
649 2967 699 3008 vos
711 2945 783 3032 inter
802 2967 852 3008 vos
869 2945 954 3006 risum
967 2960 1060 3014 tenere
1071 2943 1187 3026 positis.¹

307 3053 379 3115 Non
390 3047 430 3110 eli
436 3065 545 3130 corpus,
557 3046 603 3107 sed
615 3043 687 3126 quali
698 3066 807 3128 corpus.
824 3047 889 3106 Hoc
902 3043 1087 3128 intelligerem
1101 3047 1185 3128 quale

307 3145 413 3222 essens
426 3145 455 3207 id
463 3145 491 3206 in
500 3144 587 3210 cereis
598 3143 749 3228 fingeretur
758 3141 1046 3225 autficiilibusfiguris
1056 3170 1063 3204 z
1072 3147 1101 3206 iu
1112 3145 1181 3224 Deo

308 3248 377 3328 quid
392 3243 425 3305 stt
436 3243 510 3324 quasi
522 3263 633 3323 corpus,
653 3241 701 3303 a'ut
713 3241 787 3322 qnasi
801 3241 919 3324 sanguis,
940 3239 1099 3326 intelligere
1120 3265 1182 3314 nou

307 3343 434 3428 possum:
454 3343 660 3423 netuquidem,
672 3341 785 3418 Vellei:
806 3341 922 3401 sednon
944 3339 986 3426 vis
997 3341 1085 3404 fateri.
1123 3345 1182 3419 Ilia

306 3439 381 3518 ¹enim
394 3443 409 3501 l
422 3441 502 3502 vobis
519 3439 590 3521 quafi
610 3439 714 3503 didiata
726 3442 886 3514 redduntur,
903 3459 973 3520 quae
986 3439 1122 3519 Epicurus
1133 3445 1180 3512 os-‚

304 3541 392 3626 ritant
417 3537 570 3614 uluciuatus
593 3541 633 3604 esi
642 3563 653 3616 3
690 3539 758 3612 cuim
781 3536 896 3622 quidem
920 3537 1103 3623 gloriaretur,
1139 3561 1176 3606 ut.

1048 3635 1180 3716 ridemus
1248 3663 1271 3688 .,
