2694 4428
972 325 1048 384 111

442 380 643 474 Liuii
696 372 750 450 ΙΙ.
1050 389 1054 397 ’

117 551 216 598 artem
241 531 419 598 divinationis
440 528 569 590 efficeret.
608 529 704 588 Nemo
723 526 807 610 igitur
825 530 869 592 vir
881 551 994 614 mugnus

118 634 178 694 fine
194 631 295 710 aliquo
307 630 411 691 adflatu
422 625 519 687 divino
531 646 663 706 umquam
685 624 746 685 fuit.
784 629 850 688 Nec
872 634 937 689 veri>
957 629 994 688 ita

118 729 314 792 refellendum
338 727 388 800 est,
409 724 496 800 utsst
519 724 653 808 segetibus
673 741 720 784 aut
739 722 838 786 vinetis
848 726 995 807 cujuspiam

118 829 276 907 tempestas
285 823 424 899 nocuerit,
442 845 518 897 eum,
536 825 583 885 cui
595 823 662 903 quid
676 825 776 884 horum
788 823 995 898 acciderinaut

120 923 249 984 invitum
264 923 337 994 Deo,
356 937 403 982 aut
414 920 573 1002 segienum
583 921 598 978 ai
610 921 675 980 Deo
685 920 849 1000 judicemus.
890 922 994 1002 Magna
1010 971 1014 978 .
1050 969 1071 1004 Ι.

120 1019 163 1079 Di
178 1034 294 1091 curant,
313 1040 396 1098 parua
409 1018 564 1102 negligunt.
605 1018 719 1099 Magnis
730 1035 825 1080 autem
842 1018 910 1084 ‚viris
921 1018 997 1098 pros-

119 1119 191 1194 peri:
207 1117 340 1178 eveniunt
352 1107 455 1196 sempei
468 1135 563 1176 omnes
575 1135 619 1174 res
631 1139 640 1187 ;
658 1115 788 1197 siquidem
804 1117 889 1181 satisri
901 1113 998 1177 nostris

117 1219 154 1276 &
169 1218 186 1274 a
200 1214 326 1294 principe
338 1215 568 1294 philosophorum
579 1198 694 1274 'socrate
703 1215 810 1274 dicium
821 1215 858 1274 eii
871 1217 905 1275 de
916 1215 997 1276 uber-

121 1311 237 1372 tatibus
250 1311 358 1373 virtutis
370 1315 401 1374 &
413 1311 510 1390 copiis.
528 1312 607 1372 Haec
619 1311 690 1372 mihi
702 1311 759 1372 fere
773 1312 802 1372 in
815 1329 933 1373 mentem
951 1334 999 1372 ve·
1048 1338 1051 1345 ·

123 1408 261 1482 uiebant,
279 1405 348 1486 quae
361 1409 477 1470 dicenda
490 1426 615 1488 putarem
628 1411 774 1472 denatura
787 1411 921 1472 Deorum.
948 1409 999 1470 Tu
1013 1445 1015 1452 =

125 1523 242 1578 autem,
261 1506 355 1580 Cotta,
375 1506 454 1567 sime
467 1507 571 1583 audias,
590 1510 706 1568 eandem
725 1506 843 1570 caussam
865 1529 939 1590 agas,
957 1521 998 1566 te-

68 1665 72 1671 ,
124 1623 187 1682 que
202 1603 399 1682 &principem
413 1603 503 1664 civem
517 1612 632 1684 [putes]
648 1607 680 1668 &
694 1605 854 1686 pontificem
876 1604 929 1666 effe
951 1625 998 1664 co-

124 1699 225 1780 gites;
243 1703 287 1774 &,
308 1700 440 1779 quoniam
454 1698 483 1760 in
496 1717 640 1782 utramque
659 1721 765 1782 partem
778 1701 856 1764 vobis
868 1700 935 1763 licet
946 1703 1001 1762 dis-

125 1817 240 1878 putate,
249 1799 322 1860 hanc
335 1799 426 1878 potitis
440 1801 543 1860 sumas:
553 1821 664 1880 eamque
672 1803 832 1864 facultatem
845 1799 1001 1874 differendi,

123 1917 215 1976 quam
230 1897 282 1956 tibi
298 1896 466 1956 ithetoticis
477 1898 721 1962 exercitationibus
741 1917 880 1981 acceptam
902 1898 1001 1978 ampli-

126 1991 232 2051 ficavit
244 1992 407 2066 Academia,
425 1989 517 2070 potitis
529 1993 586 2056 huc
598 1995 731 2062 conferas.
769 1997 852 2058 Mala
873 1995 946 2056 enim
967 1997 999 2055 &

124 2083 209 2161 inpia
221 2087 388 2149 cousuetudo
408 2086 448 2148 est
466 2105 562 2150 contra
575 2091 651 2154 Deos
673 2092 837 2174 disputandi,
856 2091 910 2154 sive
921 2112 956 2153 ex
967 2110 1000 2150 a-
1073 2130 1077 2145 -2

127 2179 214 2246 nimo
227 2181 256 2243 id
269 2183 311 2260 tit,
331 2183 384 2250 stre
394 2183 526 2247 simulate.
