2698 4444
457 443 637 532 mm
680 442 761 531 m:
973 477 1050 562 145

125 585 198 676 ¹ulla,
213 609 264 664 'tlee
276 591 404 684 supplicia
417 591 548 682 peccatis:
567 605 602 666 fic
616 611 629 676 [
636 606 749 680 mundi]
761 593 855 666 divina
864 595 892 666 ln
901 607 993 668 homi-

128 715 176 757 nes
192 702 345 762 moderatio
357 703 481 781 profesto
494 702 572 762 trulla
584 704 633 778 ell,
653 704 671 763 sr
687 703 714 763 in
724 725 756 764 ea
769 704 915 764 discrimen
927 706 989 768 nul-

123 794 183 856 lum
195 796 232 857 ell
246 797 384 858 bonorum
392 800 424 860 &
438 799 583 861 malorum:
597 803 638 861 At
648 800 723 862 euim
734 801 842 862 minora
851 799 892 860 Di
901 802 992 884 negli-

97 897 100 905 ’
123 910 199 974 gunt,
209 915 298 974 neque
315 896 422 978 agellos
435 896 614 979 lingulorum,
626 921 677 960 nec
690 898 815 960 viticulas
827 901 986 978 persequun-

26 1041 28 1046 ,
122 998 182 1052 rur:
203 1013 269 1066 nec,
280 991 300 1051 st
313 995 408 1068 uredo,
429 1009 476 1055 aut
487 997 593 1076 grando
604 996 743 1076 quippiam
756 995 862 1070 nocuit,
875 996 904 1055 id
917 995 986 1078 Jovi

119 1076 396 1150 animadvertendum
409 1087 469 1151 fuit.
480 1094 525 1152 Ne
535 1093 564 1152 in
577 1094 667 1177 regnis
680 1095 790 1174 quidem
803 1115 880 1175 reges
892 1093 986 1153 omnia

120 1187 237 1248 minima
245 1207 355 1249 curant.-
369 1189 404 1249 stc
419 1189 492 1250 enim
506 1189 605 1265 dicitis.
615 1189 695 1273 Quasr
706 1212 759 1277 ego
768 1190 864 1269 paullo
876 1190 938 1250 ante
950 1193 986 1252 de

116 1282 208 1344 fundo
219 1285 370 1348 Formiano
382 1290 411 1349 P.
428 1287 532 1350 Rutuli
545 1289 594 1349 sim
606 1291 723 1370 questus,
734 1308 791 1349 non
799 1291 834 1349 de
842 1289 935 1348 amiss'a
944 1290 985 1348 sa-

115 1380 185 1442 lute.
206 1386 300 1462 Atque
309 1387 364 1446 hoc
373 1381 482 1466 quidem
496 1406 591 1448 omnes
604 1388 735 1448 mortales
747 1381 783 1448 lie
797 1387 911 1460 habent,
931 1408 980 1447 ex-
1002 1386 1039 1466 36

114 1485 208 1540 ternas
220 1483 441 1560 commoditates,
454 1486 555 1560 vineta,
568 1487 681 1568 segetes,
700 1483 814 1558 oliveta,
831 1484 984 1544 ubertatem

113 1575 228 1661 frugum
249 1583 281 1644 dc
301 1583 461 1657 fruetuum,
486 1596 599 1645 omnem
622 1584 738 1664 denique
755 1582 983 1644 commoditatem

113 1678 377 1761 prosperitatemque
388 1681 471 1758 vitae,
484 1672 500 1740 d
511 1673 565 1742 Dls
577 1683 604 1742 se·
613 1683 733 1742 habere:
747 1681 876 1742 virtutem
890 1697 982 1740 autem

115 1781 200 1834 ‘tremo
222 1795 352 1858 umquam
373 1797 513 1868 aceeptam
533 1779 597 1840 Deo
608 1779 712 1841 retulit.
732 1777 872 1840 Nimirum
890 1777 982 1836 redte:

112 1885 227 1951 propter
238 1875 366 1937 virtutem
378 1875 452 1938 enim
462 1879 523 1957 jure
538 1877 689 1952 laudamur,
701 1880 733 1938 δε
750 1875 779 1935 in
792 1863 890 1935 virtute
906 1872 983 1933 reste

115 1973 288 2054 gloriamurz
308 1979 380 2056 quod
403 1997 461 2036 non
482 1975 667 2060 contingeret,
689 1974 708 2034 fi
722 1977 751 2035 id
763 1976 866 2036 donum
879 1975 893 2032 ὲ
905 1973 982 2047 Deo,

115 2089 174 2130 non
187 2071 202 2129 al
214 2072 295 2133 nobis
305 2073 476 2136 haberemus,
490 2075 532 2133 At
542 2076 607 2134 ver‘o
617 2091 664 2134 aut
672 2073 825 2133 honoribus
833 2070 919 2145 audii,
930 2085 979 2130 aut

112 2167 296 2246 refirmiliari,
308 2169 384 2231 autfi
395 2172 469 2234 aliud
478 2171 614 2252 quippiam
627 2171 701 2233 naeli
711 2171 802 2230 sumus
811 2168 979 2226 fortuitibo-

110 2267 153 2343 ui,
165 2283 213 2326 aut
224 2268 380 2347 depulimus
394 2269 473 2344 mali,
484 2269 550 2329 elim
560 2263 614 2324 Dls
622 2268 724 2344 gratias
736 2261 853 2341 agimus,
866 2279 925 2320 tum
934 2260 979 2319 ni-

107 2364 154 2425 hil
163 2363 271 2422 nostrae
281 2365 359 2422 laudi
367 2365 541 2438 adsumptum
549 2360 723 2418 arbitramur.
736 2361 813 2420 Num
823 2358 891 2436 quis,
903 2357 978 2436 qudd
1023 2390 1029 2396 ·

109 2449 203 2518 bonus
215 2455 259 2516 vir
271 2452 349 2530 esset,
361 2455 462 2537 gratias
472 2451 528 2526 Dis
536 2453 594 2537 eglt
603 2463 747 2534 umquam?
761 2455 802 2513 At
810 2453 979 2532 quoddiues,

109 2555 185 2637 qudd
198 2553 359 2627 honoratus,
381 2551 453 2632 quod
466 2551 620 2611 incolumis.
658 2554 812 2634 Jovemque
831 2569 977 2632 optumum

107 2649 144 2718 Bc
159 2673 318 2714 maxumum
330 2651 367 2711 ob
380 2671 426 2725 eas
438 2669 480 2710 res
493 2649 643 2730 appellant,
651 2723 652 2730 ἵ
661 2671 718 2710 non
730 2651 802 2730 quod
814 2671 865 2710 nos
880 2651 978 2732 justos,

105 2765 286 2831 temperatos,
298 2747 431 2830 sapientes
443 2746 556 2822 efficiat,
569 2747 614 2807 sed
624 2746 695 2826 quod
705 2748 803 2824 salvos,
815 2747 977 2826 incolumes,

107 2851 270 2930 opulentos,
281 2847 412 2927 copiosos.
443 2849 539 2925 Neque
554 2844 673 2907 Herculi
685 2844 819 2925 quisquam
832 2848 975 2909 decumam
1027 2841 1032 2856 '

108 2946 190 3008 'vovit
201 2963 339 3024 umquam,
351 2941 372 3002 fi
384 2938 664 3022 sapiensfadtusellet.
691 2941 862 3021 Quemquam
872 2945 975 3024 Pytha-

107 3063 203 3134 goras,
214 3043 280 3102 ctlm
293 3042 322 3102 in
329 3039 489 3100 Geometria
502 3039 630 3118 quiddam
643 3038 710 3099 novi
722 3038 873 3118 invenillet,
887 3038 977 3103 Musis

7 3124 11 3140 ⁸
105 3137 210 3199 bovem
222 3134 394 3198 inmolaville
404 3135 521 3196 dicitur:
532 3136 577 3196 sed
587 3135 615 3194 id
625 3130 734 3213 quidem
743 3151 799 3194 nort
808 3139 977 3216 credo,quo·

106 3235 185 3294 niam
205 3232 256 3293 ille
271 3252 307 3294 ne
319 3231 451 3314 Apollini
471 3230 580 3311 quidem
601 3229 688 3291 Delio
705 3231 823 3291 hostiam
841 3232 976 3294 inmolare

105 3331 212 3407 voluit,
223 3351 259 3391 ne
271 3351 347 3390 aram
359 3327 489 3411 languine
502 3330 678 3411 respergeret.
709 3331 757 3389 Ad
770 3351 830 3389 rem
842 3347 934 3391 autem
946 3348 975 3392 ut

104 3432 231 3505 redeam,
240 3427 373 3511 judicium
386 3429 442 3490 hoc
455 3427 581 3490 omnium
595 3426 752 3488 mortalium
765 3427 815 3499 ell,
834 3427 974 3488 fortunam

105 3548 124 3586 a
137 3527 202 3590 Deo
214 3527 372 3608 petendam,
392 3528 406 3585 r
427 3511 531 3604 seipso
550 3523 708 3584 sumendam
728 3525 782 3586 cue
804 3524 972 3602 optentum.

107 3623 245 3720 Quamvis
256 3621 324 3688 licet
337 3624 433 3686 Menti
447 3623 574 3698 delubra,
593 3625 624 3687 ὃς
637 3622 757 3701 Virtuti,
769 3625 799 3688 &
813 3620 895 3682 Fidei
907 3641 974 3680 con·
1090 3705 1092 3713 Ι

529 3719 562 3781 K
878 3718 1037 3792 sectemu53
