2676 4368
288 275 351 420 ‘74'
428 307 494 392 Dr
537 309 779 393 Narona
819 261 1058 392 Daunum

351 475 407 534 tur,
425 475 456 520 ut
482 461 497 522 al
520 460 640 546 physrcis
660 459 753 536 rebus,
772 459 842 522 bene
860 476 938 540 arque¹
955 463 1060 529 utiliter
1080 466 1218 545 ituentis,

345 558 431 620 narra
444 560 516 622 ratio
531 559 564 621 sit
581 561 617 620 ad
637 557 845 630 commenticios
860 560 892 622 δι
906 557 985 620 finos
997 563 1092 631 Deos}
1131 569 1214 648 Quae

345 677 389 720 res
409 657 507 742 genuit
526 657 608 720 falsas
620 659 776 738 opiniones,
794 657 953 736 erroresque
974 661 1157 737 turbulentos,
1179 667 1213 728 δε

346 751 552 838 superstitiones
560 758 651 840 'paene
663 756 752 817 aniles
763 744 780 861 ²l
790 758 821 820 ὃς
833 749 939 817 formae
952 759 1026 819 enim
1039 763 1121 824 nobis
1135 763 1215 822 Deo-

347 875 421 930 rum,
440 858 471 917 &
485 865 596 942 aetates,
613 857 644 918 &
666 851 787 928 vestitus,
806 852 966 932 omasusque
985 856 1046 916 noti
1066 859 1144 921 sunt:
1166 879 1215 940 ge-

347 939 587 1033 nera'praererea,
611 949 752 1036 conjugia,
773 949 962 1034 cognationes,
989 953 1138 1036 omniaque
1162 973 1217 1016 tra.

268 1075 274 1086 ¹
347 1040 475 1111 duslaad
488 1047 696 1112 fimititudinem
718 1047 911 1112 inbecillitatis·
929 1053 1085 1127 humanae:
1106 1053 1215 1119 narn&

346 1145 512 1226 perturbatis
523 1143 622 1230 animis
632 1149 813 1222 inducuntur;
832 1146 986 1228 accipimus
997 1137 1071 1210 enim
1088 1147 1215 1208 Deorum

348 1241 522 1322 cupiditates,
542 1244 739 1328 aegritudines,
757 1243 913 1306 iracundias
924 1270 944 1304 a
962 1224 1015 1306 irec
1028 1243 1108 1319 veris,
1127 1261 1158 1303 ut
1169 1242 1211 1304 sa-
1230 1321 1233 1328 .

349 1337 434 1402 bulae
446 1340 549 1418 ferunt,
575 1343 616 1406 Di
628 1343 719 1419 ¹¹bellis
735 1341 903 1423 proeliisque
915 1358 1082 1404 caruerunt:
1101 1360 1152 1401 nec
1172 1339 1216 1399 so-
1315 1411 1316 1430 Χ

349 1437 422 1515 lrlm,
442 1455 473 1500 ut
485 1444 558 1521 apud
568 1445 735 1520 Homerum,
755 1442 819 1502 cirm
840 1441 897 1502 duo
916 1439 1054 1504 exercitus
1065 1438 1218 1499 contrarios
1315 1461 1316 1472 ¹

348 1537 399 1598 alii
411 1537 452 1597 Di
464 1559 500 1598 ex
513 1541 568 1600 alia
580 1559 658 1620 parte
669 1541 860 1616 defenderent,
880 1542 926 1602 sed
939 1539 1024 1602 etiam
1036 1555 1065 1600 ut
1077 1560 1144 1598 cum
1162 1528 1217 1596 Ti·

351 1633 432 1710 tanis,
452 1652 484 1696 ut
496 1638 757 1726 cum'Gigantibus,
785 1639 830 1724 sua
847 1638 960 1720 propria
976 1637 1053 1698 bella
1070 1637 1216 1720 gesseruut.

349 1733 430 1794 Haec
441 1733 472 1795 ὃς
484 1733 613 1797 dicuntur
624 1737 655 1798 δι
669 1738 819 1796 creduntur
832 1733 996 1810 stultissimi,
1016 1737 1047 1797 &
1059 1734 1144 1812 plena
1157 1733 1217 1793 sunt
1315 1731 1316 1788 l

349 1829 491 1894 futilitatis
509 1833 681 1914 summaeque
703 1833 831 1898 levitatis.
870 1836 1041 1916 Sedtamen,
1059 1833 1104 1893 his
1114 1831 1218 1894 fabulis

349 1926 445 2003 spretis
457 1949 490 1989 ac
502 1929 664 2010 repudiatis,
682 1931 761 1992 Deus
772 1921 914 2014 pertinens
926 1950 976 2008 per
995 1945 1119 1991 naturam
1132 1926 1219 2009 cujus-
1315 1923 1316 1988 f

348 2043 399 2101 que
412 2024 465 2097 rei,
482 2045 533 2102 per
546 2041 631 2084 terras
643 2028 739 2102 Ceres,
758 2049 808 2104 per
821 2027 907 2088 maria
923 2030 1078 2112 Neptunus,
1099 2024 1151 2084 alii
1169 2042 1219 2103 per
1315 2055 1316 2062 κ

349 2117 416 2194 alia,
434 2134 566 2200 poterunt
579 2120 720 2200 intelligi:
749 2121 798 2196 qui
811 2109 955 2202 qualestpne
968 2119 1029 2196 srnt,
1050 2143 1159 2203 quoque
1171 2142 1221 2182 eos
1315 2111 1316 2122 ¹

349 2215 463 2282 nomine
475 2217 641 2280 consuetudo
653 2215 864 2297 nuncupaverit,
885 2206 937 2277 hos
952 2205 1073 2278 Deos&
1092 2206 1238 2296 venerari

350 2322 382 2383 δι
394 2317 489 2382 colere
501 2317 641 2380 debemus.
681 2314 782 2376 Cultus
800 2330 894 2376 sutem
913 2315 1054 2391 Deorum,
1078 2316 1117 2376 est
1136 2331 1222 2397 optu7

350 2438 420 2492 mus,
440 2417 568 2496 idemque
576 2409 736 2475 castiffimus
747 2427 829 2490 atque
847 2409 1024 2472 sanctissimus
1036 2409 1221 2491 pleniffimus-

352 2531 406 2591 que
426 2509 545 2589 pietatis,
573 2527 604 2570 ut
625 2530 675 2576 eos
697 2509 802 2585 semper
820 2529 900 2588 pura,
920 2507 1040 2592 integra,
1059 2508 1220 2590 incorrupta

353 2611 386 2672 ὃς
401 2622 493 2666 mente
505 2609 537 2668 δε
550 2627 619 2666 voce
632 2623 817 2667 veneremur:
845 2627 902 2666 non
915 2593 991 2668 enim
1003 2597 1166 2687 philosophi
1177 2608 1219 2667 so-

350 2706 424 2779 lirm,
443 2702 638 2766 verumetiam
652 2704 767 2788 majores
785 2703 874 2764 nostri
893 2703 1141 2783 superstitionem-i
1153 2707 1219 2766 reli·

352 2799 436 2880 gione
451 2800 650 2880 separaverunt.
688 2801 765 2862 Nam
777 2798 825 2881 qui
839 2815 912 2863 totos
937 2799 1007 2864 Dies
1024 2803 1219 2884 precabantur,

351 2898 383 2956 δι
396 2893 578 2972 immolabant,
591 2913 622 2958 ut
635 2895 686 2958 stbi
699 2897 740 2958 sui
754 2896 838 2958 liberi
851 2896 1007 2976 superstites
1019 2898 1113 2973 essent,
1126 2898 1220 2977 super-
1316 2979 1317 2982 Ἴ

350 2989 445 3052 stitioli
459 2992 520 3056 sunt
532 2991 684 3082 appellati3
712 2994 784 3074 quod
797 3013 900 3054 nomen
913 2994 1001 3072 patuit
1019 2993 1111 3072 postea
1123 2992 1218 3052 latius.

351 3085 410 3167 Qu
422 3105 514 3150 autem
527 3087 631 3164 omnia,
650 3111 716 3170 quae
734 3091 769 3149 ad
781 3089 886 3152 cultum
899 3087 1024 3152 Deorum
1038 3088 1218 3172 pertinerent,

293 3191 297 3202 '
352 3183 501 3270 diligenter
514 3189 734 3256 retradiatent&
748 3201 885 3268 tamquam
898 3187 1063 3274 relegerent,
1083 3189 1146 3268 sunt
1158 3189 1218 3256 dic-

353 3279 377 3338 ti
398 3281 520 3362 religiosi
539 3303 573 3342 ex
596 3283 757 3366 relegendo,
789 3299 818 3344 ut
830 3281 968 3366 elegantes
980 3305 1015 3344 ex
1027 3283 1167 3368 eligendo,
1185 3287 1216 3346 ὃς

353 3392 493 3457 tamquam
507 3379 679 3462 aldiligendo
688 3381 848 3464 diligentes,
868 3403 903 3442 ex
916 3381 1100 3466 intelligendo
1113 3378 1216 3442 intelli-

353 3491 466 3560 gentes:
487 3477 531 3538 his
543 3477 617 3539 enim
632 3479 761 3544 inverbis
773 3479 903 3542 omuibus
917 3479 984 3542 inest
995 3482 1035 3543 ris
1047 3480 1157 3566 legendi
1169 3498 1217 3538 ea-

1037 3633 1040 3640 ,
1139 3575 1217 3649 deta,
