2694 4428
290 383 374 485 124
457 349 523 456 Da
553 349 1064 464 NinunnDnonnn

348 515 471 591 ltabet
444 548 502 588 vrm
515 522 713 592 interimendi.
740 544 825 594 omne
837 555 905 616 ergo
916 533 1041 594 animal
1032 501 1146 596 inteleat'
1163 534 1215 594 nea

348 617 419 690 celle
430 619 478 690 est.
517 613 731 690 Innumerabilia
745 629 817 705 sunt,
834 632 981 714 exquibus
998 617 1074 692 effici
1097 631 1214 714 cogiqlld

347 721 439 806 poffir,
457 717 529 786 nibil
543 715 597 787 effe
609 723 681 807 quod
694 723 798 788 sensum
811 721 925 805 habeat,
952 731 1018 810 quin
1033 729 1059 791 id
1072 725 1208 790 intereat}

346 813 451 885 etenim
462 839 496 885 ea
509 813 575 904 ipsa,
594 846 661 904 quae
680 813 845 903 sentiuntur,
864 846 896 889 ut
908 827 1005 910 frigus,
1024 836 1056 888 nt
1073 825 1160 900 oalor,
1181 830 1211 887 ut

348 918 486 1000 voluptas,
515 935 548 980 ut
569 917 661 994 dolor,
689 923 721 983 &
743 937 846 1000 cetera,
869 926 934 986 crim
954 923 1120 1005 amplificata
1141 924 1216 998 sunt,

347 1007 522 1078 interimnntr
542 1035 593 1076 nec
618 1007 710 1078 ullum
736 1020 838 1080 animal
858 1024 898 1083 est
910 1013 965 1084 line
985 1021 1080 1084 sensui
1102 1019 1211 1080 nullum
1250 1063 1254 1072 .

292 1133 329 1192 14
346 1106 431 1198 igitur
442 1103 543 1174 animal
556 1114 595 1174 est
604 1131 756 1179 aeternum.
766 1111 875 1180 Etenim
887 1133 935 1180 a'ut
943 1109 1103 1198 limplexest
1115 1125 1214 1176 natura

345 1204 502 1290 animantis,
533 1233 566 1276 ut
590 1215 634 1276 vel
649 1232 757 1277 terrena
780 1217 824 1292 fir,
842 1218 887 1278 vel
901 1215 991 1300 ignea,
1011 1220 1057 1280 vel
1077 1213 1216 1288 animalis,-

346 1312 392 1372 vel
414 1307 549 1386 humidam
577 1313 650 1394 qnod
674 1304 755 1395 quale
778 1314 822 1389 fit,
849 1337 885 1376 ne
898 1308 1019 1398 intelligi
1038 1317 1153 1395 quidem
1165 1334 1216 1394 po-

247 1427 252 1434 ·
344 1409 414 1494 test:
443 1427 492 1472 aut
512 1425 641 1472 concreta
663 1433 700 1472 ex
722 1405 847 1491 pluribus
865 1414 980 1490 naturis,
999 1429 1117 1494 quarum
1137 1412 1214 1472 suunt

342 1527 463 1592 quaeque
484 1497 579 1568 locum
599 1499 712 1583 habeat,
736 1526 790 1588 quo
809 1521 921 1570 natnrae
949 1497 978 1570 vi
1000 1501 1126 1572 feratur:
1159 1509 1215 1570 alia

343 1597 482 1678 infimum,
499 1597 554 1664 alia
574 1596 717 1679 summum,
737 1595 793 1664 alia
812 1603 944 1666 medium.
982 1603 1066 1670 llaec
1078 1609 1114 1668 ad
1127 1607 1212 1687 quoda

342 1708 407 1768 dam
423 1708 535 1785 tempua'
547 1697 696 1765 cohaerere
717 1697 846 1782 poffunt;
878 1698 985 1783 semper
1010 1717 1107 1768 antem
1132 1707 1214 1768 nullo

341 1805 428 1865 modo
440 1790 547 1883 pellunt
557 1826 565 1860 r
577 1788 683 1860 neoell'e
697 1792 735 1860 eli
747 1792 834 1876 enim,
848 1793 877 1860 in
890 1796 968 1862 sunm
981 1815 1103 1885 quaeque
1115 1804 1211 1867 lncum

341 1916 439 1961 namra
457 1892 589 1978 rapiatur,
607 1894 719 1957 nullum
733 1893 818 1980 iginrr
830 1898 933 1959 animal
952 1899 991 1960 est
1005 1900 1211 1996 sempiternum.

339 1995 397 2059 Sed
409 1989 502 2057 omnia
514 1995 607 2073 vestri,
628 1991 725 2072 Balbe,
739 1997 826 2058 solent
838 1997 898 2058 ad'
889 1991 998 2080 igneam
1012 1999 1071 2060 vim
1085 2000 1212 2100 referre;

338 2089 525 2169 Heraclitum,
543 2111 575 2153 ut
588 2086 701 2172 opinor,
721 2095 867 2176 sequentes,
878 2117 960 2175 quem
968 2095 1061 2208 ‘ipsum
1076 2115 1135 2158 non
1149 2119 1212 2158 om-

339 2215 388 2258 ncs
400 2186 613 2274 interpretannrr
624 2207 683 2252 uno
701 2190 805 2253 modo:
824 2193 873 2270 qni
891 2193 1032 2271 quoniam,
1052 2195 1122 2271 quid
1134 2196 1212 2258 dice'-

338 2310 392 2368 tet,
419 2288 541 2374 intelligi
563 2287 668 2366 noluit
689 2286 858 2350 omittamus.
895 2286 1058 2349 vosautem
1078 2288 1117 2348 ita
1136 2289 1210 2352 dici-

341 2393 387 2466 tis,
406 2409 518 2452 omnem
531 2385 589 2449 vim
600 2384 655 2449 elie
664 2385 778 2470 ignem:
810 2387 901 2468 itaqne
913 2389 944 2448 δι
957 2379 1121 2462 animantes,
1139 2389 1208 2450 clun

338 2489 417 2554 mlor
428 2482 570 2563 defecerit,
577 2505 637 2547 tum
651 2481 780 2559 interire;
791 2487 860 2550 &in
874 2486 952 2546 omni
963 2501 1061 2547 natura
1070 2507 1164 2548 rerum
1177 2488 1208 2548 id

338 2588 444 2664 vivere,
464 2587 492 2647 id
505 2584 607 2662 vigere,
626 2584 698 2660 quod
717 2583 816 2642 caleat.
855 2583 918 2664 Ego
937 2597 1031 2644 antem
1051 2605 1110 2646 uon
1123 2581 1209 2649 lntel÷

338 2686 410 2772 ligo,
437 2703 492 2764 quo
513 2677 608 2754 modo,
636 2677 730 2740 calore
752 2675 892 2754 ertindlo,
920 2695 1038 2758 corpora
1051 2677 1190 2743 intereant
1197 2704 1208 2756 ς

338 2803 396 2848 non
408 2781 554 2854 intereant,
585 2773 701 2839 humore
723 2795 771 2836 aut
783 2769 879 2857 spiritu
891 2769 1005 2836 amilio:
1037 2778 1205 2855 praesertim
1228 2841 1235 2850 ,

338 2883 404 2944 edm
424 2877 559 2939 intereant
572 2871 656 2938 etiam
669 2867 756 2936 nimio
770 2871 873 2938 calore.
895 2873 1081 2957 Qtamobrem
1102 2863 1130 2934 id
1143 2869 1207 2955 qui-

337 2980 403 3038 dem
411 2994 558 3036 commune
570 2971 609 3036 est
621 2975 656 3037 de
669 2966 780 3036 calido:
801 2989 990 3034 verumtamen
1000 2969 1141 3032 videamus
1152 2993 1204 3033 ex-

338 3073 415 3138 itum.
444 3065 497 3134 'Ita
509 3071 603 3148 voltis,
622 3074 732 3154 opinor,
751 3067 823 3134 nihil
837 3071 890 3134 elle
910 3063 1012 3132 animal
1034 3071 1205 3132 exninsecus

299 3247 301 3255 y
337 3169 367 3234 in
388 3187 483 3233 natura
504 3189 584 3252 atque
607 3174 720 3248 mundo,
751 3187 858 3251 praeter
881 3165 986 3256 ignem
1023 3167 1082 3249 Qn
1103 3167 1204 3254 magii,

337 3273 415 3349 quim
433 3287 509 3348 praet
510 3291 540 3331 er
558 3267 690 3348 animam,
717 3271 790 3332 unde
812 3269 991 3331 animantium
1013 3280 1118 3349 quoque
1131 3288 1201 3332 con·-

338 3367 389 3428 tter
400 3364 517 3440 animus,
536 3387 571 3427 ex
584 3387 640 3445 quo
652 3365 743 3429 anima
755 3359 875 3429 dicitur?
913 3369 980 3450 Qro
1004 3362 1088 3425 modo
1109 3383 1199 3429 autem

338 3463 405 3536 hoc,
423 3459 494 3539 quali
507 3464 688 3540 concedatur,
708 3463 823 3538 suurltit,
841 3463 914 3526 nihil
927 3461 980 3526 elle
993 3462 1128 3536 animum,
1154 3462 1198 3521 nl-

340 3553 361 3620 sr
379 3556 493 3640 ignem?
517 3557 690 3636 probabilius
707 3559 781 3621 enim
795 3560 915 3638 videtur,
934 3559 990 3622 tale
1002 3557 1131 3640 quiddam
1142 3553 1197 3615 elle

1066 3673 1198 3728 animum,
