2698 4444
310 351 312 357 ι
379 410 614 508 ¹Lrueu
669 404 741 492 111.
804 413 807 421 “
954 419 1035 535 'rprf

14 591 35 661 p
122 559 300 630 obtinebuntt
334 561 420 648 igitur
433 561 517 626 etiam
530 566 689 628 inerrantes.
727 566 785 630 Cur
805 585 894 632 autern
912 571 984 634 Arci

14 666 35 781 )
120 665 220 744 species
241 687 297 726 non
321 665 351 726 in
375 665 502 724 Deorum
525 687 641 728 numero
660 677 827 745 reponatur?
850 673 888 731 esi
907 671 983 734 enim

119 764 246 842 pulcher,
265 765 296 824 bt
310 760 421 822 obeam
435 761 564 840 caussam,
588 759 650 844 quia
673 764 790 842 speciem
813 766 913 828 habeat
933 771 982 828 ad-

117 855 291 932 mirabilem,
310 849 488 920 Thaumante
510 859 612 920 dicitur
633 877 721 920 natus.
760 861 845 942 Cujus
857 861 876 922 li
889 865 983 926 diviua

14 963 16 1030 ξ
114 976 212 1018 natura
227 957 277 1031 est,
296 956 363 1036 quid
376 958 458 1027 facies
470 957 613 1020 nubibus?
633 981 712 1021 arcus
725 959 799 1020 enim
814 961 869 1042 ipse
882 984 917 1023 ex
929 985 982 1025 nu·
1079 1017 1081 1026 s

113 1056 197 1116 bibus
209 1053 332 1116 efficitur
344 1059 465 1136 quodam
486 1058 570 1118 modo
591 1057 738 1118 coloratis:
762 1079 983 1140 quatumunate-

14 1232 17 1238 ἱ
110 1154 181 1214 tiam
205 1153 360 1213 Centauros
386 1149 520 1232 peperisse
535 1151 644 1213 dieitur.
683 1155 766 1234 Qrod
779 1153 797 1214 fi
811 1155 896 1216 nubes
907 1175 982 1218 retu-

107 1249 175 1312 leris
187 1249 217 1310 iu
230 1251 306 1310 Deos
318 1273 325 1322 ς
361 1251 522 1312 referendae
533 1253 607 1312 certe
621 1269 699 1334 eruut
709 1254 889 1332 tempestates,
912 1279 982 1336 quae

112 1349 212 1428 popuii
233 1347 355 1410 Romani
371 1344 470 1410 ritibus
491 1353 663 1410 consecratae
675 1349 741 1411 suut.
780 1352 857 1434 Ergo
869 1353 983 1430 imbres,

112 1447 216 1523 nimbi,
243 1447 397 1528 procellae,
421 1447 555 1524 turbines,
582 1445 623 1508 Di
645 1445 767 1526 putandi.
807 1447 903 1511 Noilrl
923 1453 983 1532 qui·

110 1548 175 1607 dem
189 1549 282 1623 duces,
304 1565 379 1608 mare
399 1545 596 1628 ingredientes,
622 1531 759 1608 inmolare
780 1547 897 1610 hostiam
916 1547 985 1614 fluc-

111 1645 185 1706 tibus
197 1649 405 1726 consueverunt.
447 1647 527 1707 Tum
542 1644 561 1704 fi
575 1645 614 1706 est
635 1645 720 1706 Ceres
742 1643 756 1703 ai
779 1649 910 1727 gerendo,
923 1649 980 1724 (ita

109 1740 186 1801 enirn
199 1741 328 1815 dicebas)
342 1760 412 1802 terra
426 1741 482 1821 ipsa
495 1743 557 1802 Dea
573 1742 622 1817 est,
643 1733 681 1804 ¹&
695 1741 734 1800 ita
747 1741 882 1802 habetur:
910 1764 980 1821 quae

113 1843 154 1902 est
178 1841 254 1902 enim
277 1841 332 1900 alia
352 1841 478 1902 Tellus!
504 1841 543 1902 sm
564 1857 656 1901 terra:
681 1863 755 1902 mare
773 1841 856 1902 etiam
867 1863 876 1912 ;
900 1862 982 1920 quem

110 1939 277 2016 Neptunum
294 1937 347 1996 effe
369 1939 496 2002 dicebas:
528 1959 596 2020 ergo
619 1942 649 2000 &
672 1939 797 2012 flumina,
822 1941 853 1999 δε
881 1939 981 1999 sontes.
1009 1927 1011 1933 ’
1048 1935 1051 1940 ’
1100 2013 1102 2020 ¹

112 2034 209 2112 Itaque
221 2037 253 2095 dt
266 2032 370 2094 Fontis
392 2033 539 2096 delubrum
560 2035 643 2094 Maso
664 2057 699 2096 ex
713 2035 823 2096 Corsica
835 2036 983 2112 dedicavit,

14 2113 16 2122 ¹
118 2130 193 2190 &in
213 2151 349 2214 augurum
373 2132 530 2222 precatione
549 2130 728 2208 Tiberinum,
747 2135 909 2212 Spinonem,
928 2133 984 2194 Al-

111 2245 235 2301 monem,
255 2226 417 2302 Nodinum,
437 2227 492 2296 alia
505 2227 723 2307 propinquorum
733 2227 878 2288 fluminum
891 2227 983 2286 nomi-

15 2359 16 2362 *
64 2392 66 2399 ,
110 2346 148 2388 na
157 2325 290 2386 videmus.
304 2327 379 2404 Ergo
391 2326 448 2384 hoc
463 2342 510 2380 aut
523 2323 552 2379 in
564 2323 717 2380 inmensum
731 2323 829 2400 serpet,
848 2341 896 2382 aut
906 2314 981 2383 nihil

108 2425 213 2483 horum
229 2418 402 2496 recipiemus,
428 2435 480 2474 nec
495 2414 546 2474 illa
561 2415 670 2476 infinita
691 2415 763 2476 ratio
787 2416 982 2496 superstitionis

111 2515 286 2601 probabitur.
324 2513 408 2575 Nihil
421 2534 488 2595 ergo
505 2513 606 2573 horum
619 2513 789 2593 probandum
811 2515 856 2576 est.
896 2507 982 2578 Dica-
1003 2535 1037 2578 21

110 2637 172 2679 mus
185 2611 280 2696 igitur,
306 2609 403 2685 balbe,
430 2627 541 2690 oportet
551 2627 648 2671 contra
662 2609 729 2670 illos
741 2609 836 2685 etiam,
860 2610 909 2690 qui
921 2613 974 2674 hos

109 2712 190 2773 Deos
210 2731 244 2770 err
258 2707 403 2768 hominum
416 2727 516 2790 genere
538 2707 567 2767 in
585 2707 694 2768 caelum
708 2706 859 2782 translatos,
870 2729 927 2767 non
939 2731 982 2784 re,

111 2813 157 2874 sed
174 2810 308 2891 opinione
321 2806 374 2868 elie
397 2807 502 2880 dicunt,
522 2826 590 2886 quos
603 2805 715 2888 auguste
729 2827 824 2866 omnes
836 2807 981 2887 tenueque

110 2927 285 2971 veneramur.
310 2901 558 2986 ·s’rincipioJoves
568 2921 622 2965 tres
633 2921 778 2964 numer-aut
791 2904 822 2978 ii,
841 2905 887 2984 qui
899 2905 980 2966 theo-

112 3005 172 3088 logi
185 3003 377 3070 nominantur:
401 3021 436 3062 ex
449 2999 545 3080 quibus
557 2997 677 3079 primum
690 3003 722 3061 &
745 3000 889 3062 secundum
902 3019 982 3062 natos

111 3101 141 3163 in
151 3100 295 3162 Arcadia:
315 3098 432 3158 alterurn
454 3115 528 3170 patre
542 3099 676 3170 Aethere,
694 3118 729 3157 ex
742 3117 796 3175 quo
808 3096 891 3157 etiam
904 3099 973 3159 Pro-

108 3200 245 3280 serpinam
261 3215 352 3260 natam
365 3198 466 3274 ferunt,
477 3199 508 3259 δι
523 3194 657 3257 Liberum
673 3196 810 3268 ;alterum
822 3212 897 3276 patre
906 3198 978 3260 Cae-

111 3297 155 3370 lo,
184 3293 231 3372 qui
243 3291 361 3376 genuisse
378 3275 543 3354 Minervarti
556 3291 666 3367 dicitur,
690 3313 770 3372 quam
783 3293 933 3373 principem
946 3298 979 3358 δε

110 3389 295 3454 inventricem
312 3387 382 3452 belli
402 3392 508 3450 ferunt:
540 3389 652 3450 tertium
675 3389 842 3465 Cretensem,
861 3391 974 3452 Saturni

109 3477 223 3558 hlium3
241 3488 317 3568 cujus
335 3486 427 3547 inilia
440 3485 526 3546 insula
539 3486 712 3565 sepulchrum
725 3487 883 3550 ostenditur.
922 3501 977 3550 Ar·
1023 3493 1030 3513 ¹

106 3607 219 3674 usurpet
249 3587 334 3652 etiam
365 3589 439 3668 apud
457 3588 556 3670 Grajos
582 3585 675 3648 multis
696 3583 784 3648 modis
796 3588 980 3650 nominantur.

551 3684 605 3745 12
654 3687 660 3695 '
883 3727 886 3736 ·
949 3679 1036 3748 Primi
