<?xml version="1.0" encoding="UTF-8"?>
<!DOCTYPE html PUBLIC "-//W3C//DTD XHTML 1.0 Transitional//EN"
    "http://www.w3.org/TR/xhtml1/DTD/xhtml1-transitional.dtd">
<html xmlns="http://www.w3.org/1999/xhtml" xml:lang="en" lang="en">
 <head>
  <title>
</title>
<meta http-equiv="Content-Type" content="text/html;charset=utf-8" />
  <meta name='ocr-system' content='tesseract 3.04.00' />
  <meta name='ocr-capabilities' content='ocr_page ocr_carea ocr_par ocr_line ocrx_word'/>
</head>
<body>
  <div class='ocr_page' id='page_1' title='image "./mtulliiciceroni112cicegoog/mtulliiciceroni112cicegoog_0090.png"; bbox 0 0 2698 4444; ppageno 0'>
   <div class='ocr_carea' id='block_1_1' title="bbox 348 285 1118 430">
    <p class='ocr_par' dir='ltr' id='par_1_1' title="bbox 348 285 1118 430">
     <span class='ocr_line' id='line_1_1' title="bbox 348 285 1118 430; baseline -0.003 -13"><span class='ocrx_word' id='word_1_1' title='bbox 348 321 401 430; x_wconf 80' lang='lat'>8&#39;4</span> <span class='ocrx_word' id='word_1_2' title='bbox 505 331 571 410; x_wconf 82' lang='lat' dir='ltr'>Da</span> <span class='ocrx_word' id='word_1_3' title='bbox 600 303 838 411; x_wconf 72' lang='lat' dir='ltr'>Niuuttr</span> <span class='ocrx_word' id='word_1_4' title='bbox 880 285 1118 422; x_wconf 73' lang='lat' dir='ltr'>Dronurr</span> 
     </span>
    </p>
   </div>
   <div class='ocr_carea' id='block_1_2' title="bbox 284 473 1320 3526">
    <p class='ocr_par' dir='ltr' id='par_1_2' title="bbox 284 473 1320 3526">
     <span class='ocr_line' id='line_1_2' title="bbox 403 473 1259 559; baseline 0.019 -23"><span class='ocrx_word' id='word_1_5' title='bbox 403 473 501 538; x_wconf 85' lang='lat' dir='ltr'>raville</span> <span class='ocrx_word' id='word_1_6' title='bbox 511 478 651 553; x_wconf 82' lang='lat' dir='ltr'>dicunnrr,</span> <span class='ocrx_word' id='word_1_7' title='bbox 675 497 709 540; x_wconf 87' lang='lat' dir='ltr'>ut</span> <span class='ocrx_word' id='word_1_8' title='bbox 726 501 775 559; x_wconf 83' lang='lat' dir='ltr'>per</span> <span class='ocrx_word' id='word_1_9' title='bbox 787 481 904 546; x_wconf 84' lang='lat' dir='ltr'>biduum</span> <span class='ocrx_word' id='word_1_10' title='bbox 917 481 999 549; x_wconf 85' lang='lat' dir='ltr'>nemo</span> <span class='ocrx_word' id='word_1_11' title='bbox 1016 491 1157 551; x_wconf 84' lang='lat' dir='ltr'>hominem</span> <span class='ocrx_word' id='word_1_12' title='bbox 1176 473 1259 552; x_wconf 76' lang='lat' dir='ltr'>hoino</span> 
     </span>
     <span class='ocr_line' id='line_1_3' title="bbox 404 575 1259 662; baseline 0.013 -28"><span class='ocrx_word' id='word_1_13' title='bbox 404 575 580 653; x_wconf 86' lang='lat' dir='ltr'>agnosceret:</span> <span class='ocrx_word' id='word_1_14' title='bbox 600 577 665 636; x_wconf 83' lang='lat' dir='ltr'>etim</span> <span class='ocrx_word' id='word_1_15' title='bbox 677 593 766 638; x_wconf 84' lang='lat' dir='ltr'>autem</span> <span class='ocrx_word' id='word_1_16' title='bbox 780 579 866 640; x_wconf 84' lang='lat' dir='ltr'>tertio</span> <span class='ocrx_word' id='word_1_17' title='bbox 878 581 923 642; x_wconf 90' lang='lat' dir='ltr'>die</span> <span class='ocrx_word' id='word_1_18' title='bbox 935 583 976 644; x_wconf 92' lang='lat' dir='ltr'>sol</span> <span class='ocrx_word' id='word_1_19' title='bbox 996 579 1142 662; x_wconf 73' lang='lat' dir='ltr'>inluxillet,</span> <span class='ocrx_word' id='word_1_20' title='bbox 1160 603 1216 648; x_wconf 86' lang='lat' dir='ltr'>tum</span> <span class='ocrx_word' id='word_1_21' title='bbox 1230 607 1259 646; x_wconf 71' lang='lat' dir='ltr'>ut</span> 
     </span>
     <span class='ocr_line' id='line_1_4' title="bbox 405 672 1262 760; baseline 0.012 -28"><span class='ocrx_word' id='word_1_22' title='bbox 405 672 593 736; x_wconf 81' lang='lat' dir='ltr'>revixill&#39;esrbi</span> <span class='ocrx_word' id='word_1_23' title='bbox 604 674 767 736; x_wconf 87' lang='lat' dir='ltr'>viderentur.</span> <span class='ocrx_word' id='word_1_24' title='bbox 804 680 919 759; x_wconf 79' lang='lat' dir='ltr'>Qrbdti</span> <span class='ocrx_word' id='word_1_25' title='bbox 940 681 994 744; x_wconf 87' lang='lat' dir='ltr'>hoc</span> <span class='ocrx_word' id='word_1_26' title='bbox 1012 676 1087 760; x_wconf 81' lang='lat' dir='ltr'>ideni</span> <span class='ocrx_word' id='word_1_27' title='bbox 1101 681 1262 746; x_wconf 71' lang='lat' dir='ltr'>er&#39;aeternia</span> 
     </span>
     <span class='ocr_line' id='line_1_5' title="bbox 404 771 1258 868; baseline 0.015 -40"><span class='ocrx_word' id='word_1_28' title='bbox 404 771 524 832; x_wconf 86' lang='lat' dir='ltr'>tenebris</span> <span class='ocrx_word' id='word_1_29' title='bbox 533 772 712 854; x_wconf 82' lang='lat' dir='ltr'>contingeret,</span> <span class='ocrx_word' id='word_1_30' title='bbox 721 789 753 832; x_wconf 93' lang='lat' dir='ltr'>ut</span> <span class='ocrx_word' id='word_1_31' title='bbox 764 773 852 839; x_wconf 77' lang='lat' dir='ltr'>subiti&gt;</span> <span class='ocrx_word' id='word_1_32' title='bbox 864 779 957 840; x_wconf 86' lang='lat' dir='ltr'>lucem</span> <span class='ocrx_word' id='word_1_33' title='bbox 967 781 1141 868; x_wconf 76' lang='lat' dir='ltr'>aspiceremus</span> <span class='ocrx_word' id='word_1_34' title='bbox 1152 800 1160 856; x_wconf 86' lang='grc'><strong>;</strong></span> <span class='ocrx_word' id='word_1_35' title='bbox 1182 774 1258 860; x_wconf 84' lang='lat' dir='ltr'>quae-</span> 
     </span>
     <span class='ocr_line' id='line_1_6' title="bbox 404 867 1257 963; baseline 0.008 -37"><span class='ocrx_word' id='word_1_36' title='bbox 404 883 471 926; x_wconf 84' lang='lat' dir='ltr'>nam</span> <span class='ocrx_word' id='word_1_37' title='bbox 483 867 663 947; x_wconf 74' lang='lat' dir='ltr'>species&#39;oeeli</span> <span class='ocrx_word' id='word_1_38' title='bbox 674 868 833 933; x_wconf 80' lang='lat' dir='ltr'>videreturr</span> <span class='ocrx_word' id='word_1_39' title='bbox 867 875 923 935; x_wconf 85' lang='lat' dir='ltr'>Sed</span> <span class='ocrx_word' id='word_1_40' title='bbox 945 875 1257 963; x_wconf 57' lang='lat' dir='ltr'>assiduitateeotidiana,</span> 
     </span>
     <span class='ocr_line' id='line_1_7' title="bbox 403 965 1257 1056; baseline 0.007 -30"><span class='ocrx_word' id='word_1_41' title='bbox 403 965 436 1026; x_wconf 74' lang='lat' dir='ltr'>dt</span> <span class='ocrx_word' id='word_1_42' title='bbox 447 967 640 1028; x_wconf 73' lang='lat' dir='ltr'>conuerudine</span> <span class='ocrx_word' id='word_1_43' title='bbox 652 968 810 1046; x_wconf 85' lang='lat' dir='ltr'>oculorum,</span> <span class='ocrx_word' id='word_1_44' title='bbox 828 973 986 1035; x_wconf 88' lang='lat' dir='ltr'>adsuescunt</span> <span class='ocrx_word' id='word_1_45' title='bbox 998 975 1100 1052; x_wconf 81' lang='lat' dir='ltr'>anir&#39;ni,</span> <span class='ocrx_word' id='word_1_46' title='bbox 1119 997 1203 1056; x_wconf 84' lang='lat' dir='ltr'>neque</span> <span class='ocrx_word' id='word_1_47' title='bbox 1214 975 1257 1032; x_wconf 90' lang='lat' dir='ltr'>ad-</span> 
     </span>
     <span class='ocr_line' id='line_1_8' title="bbox 401 1061 1256 1150; baseline -0.001 -20"><span class='ocrx_word' id='word_1_48' title='bbox 401 1061 550 1140; x_wconf 66' lang='lat' dir='ltr'>mirantur,</span> <span class='ocrx_word' id='word_1_49' title='bbox 567 1086 655 1146; x_wconf 88' lang='lat' dir='ltr'>neque</span> <span class='ocrx_word' id='word_1_50' title='bbox 667 1067 809 1147; x_wconf 74' lang='lat' dir='ltr'>requirent</span> <span class='ocrx_word' id='word_1_51' title='bbox 826 1069 946 1138; x_wconf 82' lang='lat' dir='ltr'>rationes</span> <span class='ocrx_word' id='word_1_52' title='bbox 965 1095 1062 1136; x_wconf 88' lang='lat' dir='ltr'>earum</span> <span class='ocrx_word' id='word_1_53' title='bbox 1084 1096 1176 1136; x_wconf 88' lang='lat' dir='ltr'>rerurn</span> <span class='ocrx_word' id='word_1_54' title='bbox 1197 1089 1256 1150; x_wconf 86' lang='lat' dir='ltr'>quat</span> 
     </span>
     <span class='ocr_line' id='line_1_9' title="bbox 403 1161 1254 1255; baseline 0.009 -31"><span class='ocrx_word' id='word_1_55' title='bbox 403 1161 508 1242; x_wconf 81' lang='lat' dir='ltr'>semper</span> <span class='ocrx_word' id='word_1_56' title='bbox 520 1163 633 1227; x_wconf 83' lang='lat' dir='ltr'>vident:</span> <span class='ocrx_word' id='word_1_57' title='bbox 661 1164 776 1247; x_wconf 83' lang='lat' dir='ltr'>proinde</span> <span class='ocrx_word' id='word_1_58' title='bbox 800 1167 872 1247; x_wconf 78' lang='lat' dir='ltr'>quast</span> <span class='ocrx_word' id='word_1_59' title='bbox 894 1170 1002 1233; x_wconf 79' lang='lat' dir='ltr'>novitas</span> <span class='ocrx_word' id='word_1_60' title='bbox 1020 1195 1073 1236; x_wconf 87' lang='lat' dir='ltr'>nos</span> <span class='ocrx_word' id='word_1_61' title='bbox 1086 1171 1172 1255; x_wconf 85' lang='lat' dir='ltr'>magis</span> <span class='ocrx_word' id='word_1_62' title='bbox 1183 1171 1254 1251; x_wconf 80' lang='lat' dir='ltr'>quim</span> 
     </span>
     <span class='ocr_line' id='line_1_10' title="bbox 333 1251 1254 1347; baseline 0.002 -26"><span class='ocrx_word' id='word_1_63' title='bbox 333 1251 341 1270; x_wconf 75' lang='lat'><strong><em>⁹</em></strong></span> <span class='ocrx_word' id='word_1_64' title='bbox 404 1262 566 1344; x_wconf 83' lang='lat' dir='ltr'>magnitudo</span> <span class='ocrx_word' id='word_1_65' title='bbox 577 1285 669 1326; x_wconf 81' lang='lat' dir='ltr'>rerunt</span> <span class='ocrx_word' id='word_1_66' title='bbox 681 1265 780 1328; x_wconf 88' lang='lat' dir='ltr'>debeat</span> <span class='ocrx_word' id='word_1_67' title='bbox 788 1267 825 1325; x_wconf 88' lang='lat' dir='ltr'>ad</span> <span class='ocrx_word' id='word_1_68' title='bbox 833 1267 1012 1347; x_wconf 84' lang='lat' dir='ltr'>exquirendas</span> <span class='ocrx_word' id='word_1_69' title='bbox 1024 1271 1126 1336; x_wconf 85' lang='lat' dir='ltr'>caullas</span> <span class='ocrx_word' id='word_1_70' title='bbox 1137 1269 1254 1331; x_wconf 83' lang='lat' dir='ltr'>excitare.</span> 
     </span>
     <span class='ocr_line' id='line_1_11' title="bbox 404 1353 1256 1447; baseline 0.008 -26"><span class='ocrx_word' id='word_1_71' title='bbox 404 1353 476 1443; x_wconf 79' lang='lat' dir='ltr'>¹Qtir</span> <span class='ocrx_word' id='word_1_72' title='bbox 485 1361 561 1424; x_wconf 89' lang='lat' dir='ltr'>enim</span> <span class='ocrx_word' id='word_1_73' title='bbox 573 1365 648 1424; x_wconf 86' lang='lat' dir='ltr'>hunc</span> <span class='ocrx_word' id='word_1_74' title='bbox 660 1363 801 1430; x_wconf 85' lang='lat' dir='ltr'>hominem</span> <span class='ocrx_word' id='word_1_75' title='bbox 813 1363 924 1442; x_wconf 79' lang='lat' dir='ltr'>dixerit,</span> <span class='ocrx_word' id='word_1_76' title='bbox 943 1367 992 1447; x_wconf 87' lang='lat' dir='ltr'>qui</span> <span class='ocrx_word' id='word_1_77' title='bbox 1012 1371 1080 1432; x_wconf 83' lang='lat' dir='ltr'>crint</span> <span class='ocrx_word' id='word_1_78' title='bbox 1100 1387 1157 1431; x_wconf 83' lang='lat' dir='ltr'>tam</span> <span class='ocrx_word' id='word_1_79' title='bbox 1175 1382 1256 1428; x_wconf 76' lang='lat' dir='ltr'>certet</span> 
     </span>
     <span class='ocr_line' id='line_1_12' title="bbox 404 1461 1255 1548; baseline 0.001 -27"><span class='ocrx_word' id='word_1_80' title='bbox 404 1461 477 1521; x_wconf 88' lang='lat' dir='ltr'>caeli</span> <span class='ocrx_word' id='word_1_81' title='bbox 488 1481 593 1540; x_wconf 86' lang='lat' dir='ltr'>motus,</span> <span class='ocrx_word' id='word_1_82' title='bbox 617 1481 674 1524; x_wconf 90' lang='lat' dir='ltr'>tam</span> <span class='ocrx_word' id='word_1_83' title='bbox 687 1480 760 1524; x_wconf 83' lang='lat' dir='ltr'>ratos</span> <span class='ocrx_word' id='word_1_84' title='bbox 778 1463 909 1528; x_wconf 84' lang='lat' dir='ltr'>astronrm</span> <span class='ocrx_word' id='word_1_85' title='bbox 926 1465 1047 1544; x_wconf 82' lang='lat' dir='ltr'>ordines,</span> <span class='ocrx_word' id='word_1_86' title='bbox 1075 1485 1182 1548; x_wconf 83' lang='lat' dir='ltr'>tamque</span> <span class='ocrx_word' id='word_1_87' title='bbox 1194 1464 1255 1526; x_wconf 89' lang='lat' dir='ltr'>inter</span> 
     </span>
     <span class='ocr_line' id='line_1_13' title="bbox 402 1558 1253 1648; baseline 0.004 -31"><span class='ocrx_word' id='word_1_88' title='bbox 402 1558 534 1620; x_wconf 76' lang='lat' dir='ltr'>stornnia</span> <span class='ocrx_word' id='word_1_89' title='bbox 542 1581 665 1622; x_wconf 82' lang='lat' dir='ltr'>connexa</span> <span class='ocrx_word' id='word_1_90' title='bbox 678 1564 709 1624; x_wconf 72' lang='grc' dir='ltr'>δε</span> <span class='ocrx_word' id='word_1_91' title='bbox 722 1577 785 1640; x_wconf 85' lang='lat' dir='ltr'>apta</span> <span class='ocrx_word' id='word_1_92' title='bbox 800 1560 912 1638; x_wconf 88' lang='lat' dir='ltr'>viderit,</span> <span class='ocrx_word' id='word_1_93' title='bbox 929 1584 1012 1648; x_wconf 84' lang='lat' dir='ltr'>neget</span> <span class='ocrx_word' id='word_1_94' title='bbox 1024 1565 1056 1628; x_wconf 91' lang='lat' dir='ltr'>in</span> <span class='ocrx_word' id='word_1_95' title='bbox 1068 1567 1113 1627; x_wconf 81' lang='lat' dir='ltr'>hir</span> <span class='ocrx_word' id='word_1_96' title='bbox 1121 1565 1205 1625; x_wconf 87' lang='lat' dir='ltr'>ullam</span> <span class='ocrx_word' id='word_1_97' title='bbox 1216 1560 1253 1620; x_wconf 87' lang='lat' dir='ltr'>in-</span> 
     </span>
     <span class='ocr_line' id='line_1_14' title="bbox 401 1653 1253 1746; baseline 0 -28"><span class='ocrx_word' id='word_1_98' title='bbox 401 1653 456 1718; x_wconf 84' lang='lat' dir='ltr'>esse</span> <span class='ocrx_word' id='word_1_99' title='bbox 477 1658 621 1736; x_wconf 86' lang='lat' dir='ltr'>rationem,</span> <span class='ocrx_word' id='word_1_100' title='bbox 639 1681 725 1739; x_wconf 88' lang='lat' dir='ltr'>eaque</span> <span class='ocrx_word' id='word_1_101' title='bbox 738 1662 799 1722; x_wconf 82' lang='lat' dir='ltr'>casu</span> <span class='ocrx_word' id='word_1_102' title='bbox 808 1659 869 1722; x_wconf 85' lang='lat' dir='ltr'>fieri</span> <span class='ocrx_word' id='word_1_103' title='bbox 880 1661 965 1740; x_wconf 85' lang='lat' dir='ltr'>dicat,</span> <span class='ocrx_word' id='word_1_104' title='bbox 984 1686 1051 1744; x_wconf 85' lang='lat' dir='ltr'>quae</span> <span class='ocrx_word' id='word_1_105' title='bbox 1061 1681 1162 1746; x_wconf 85' lang='lat' dir='ltr'>quanto</span> <span class='ocrx_word' id='word_1_106' title='bbox 1173 1655 1253 1724; x_wconf 87' lang='lat' dir='ltr'>conli-</span> 
     </span>
     <span class='ocr_line' id='line_1_15' title="bbox 399 1755 1250 1840; baseline 0.004 -26"><span class='ocrx_word' id='word_1_107' title='bbox 399 1755 442 1815; x_wconf 93' lang='lat' dir='ltr'>lio</span> <span class='ocrx_word' id='word_1_108' title='bbox 453 1775 595 1840; x_wconf 82' lang='lat' dir='ltr'>gerantur,</span> <span class='ocrx_word' id='word_1_109' title='bbox 611 1757 815 1836; x_wconf 62' lang='lat' dir='ltr'>nultoeonfitio</span> <span class='ocrx_word' id='word_1_110' title='bbox 827 1759 936 1840; x_wconf 86' lang='lat' dir='ltr'>adsequi</span> <span class='ocrx_word' id='word_1_111' title='bbox 949 1759 1106 1840; x_wconf 75' lang='lat' dir='ltr'>possumus?</span> <span class='ocrx_word' id='word_1_112' title='bbox 1135 1763 1183 1820; x_wconf 80' lang='lat' dir='ltr'>An</span> <span class='ocrx_word' id='word_1_113' title='bbox 1192 1757 1250 1817; x_wconf 77' lang='lat' dir='ltr'>crint</span> 
     </span>
     <span class='ocr_line' id='line_1_16' title="bbox 400 1857 1320 1946; baseline -0.003 -28"><span class='ocrx_word' id='word_1_114' title='bbox 400 1859 603 1946; x_wconf 71' lang='lat' dir='ltr'>machinatione</span> <span class='ocrx_word' id='word_1_115' title='bbox 615 1859 729 1938; x_wconf 80' lang='lat' dir='ltr'>quadarn</span> <span class='ocrx_word' id='word_1_116' title='bbox 743 1858 850 1918; x_wconf 87' lang='lat' dir='ltr'>moveri</span> <span class='ocrx_word' id='word_1_117' title='bbox 861 1859 967 1940; x_wconf 83' lang='lat' dir='ltr'>aliquid</span> <span class='ocrx_word' id='word_1_118' title='bbox 977 1859 1111 1935; x_wconf 79' lang='lat' dir='ltr'>videmur,</span> <span class='ocrx_word' id='word_1_119' title='bbox 1124 1857 1249 1936; x_wconf 82' lang='lat' dir='ltr'>utsphae·</span> <span class='ocrx_word' id='word_1_120' title='bbox 1319 1867 1320 1884; x_wconf 66' lang='lat'>¹</span> 
     </span>
     <span class='ocr_line' id='line_1_17' title="bbox 398 1950 1251 2039; baseline -0.006 -21"><span class='ocrx_word' id='word_1_121' title='bbox 398 1973 470 2029; x_wconf 67' lang='lat' dir='ltr'>ram,</span> <span class='ocrx_word' id='word_1_122' title='bbox 489 1973 518 2018; x_wconf 93' lang='lat' dir='ltr'>ut</span> <span class='ocrx_word' id='word_1_123' title='bbox 531 1959 625 2032; x_wconf 85' lang='lat' dir='ltr'>horas,</span> <span class='ocrx_word' id='word_1_124' title='bbox 644 1956 742 2018; x_wconf 87' lang='lat' dir='ltr'>utalia</span> <span class='ocrx_word' id='word_1_125' title='bbox 754 1959 913 2037; x_wconf 86' lang='lat' dir='ltr'>permulta;</span> <span class='ocrx_word' id='word_1_126' title='bbox 937 1981 994 2021; x_wconf 90' lang='lat' dir='ltr'>non</span> <span class='ocrx_word' id='word_1_127' title='bbox 1006 1959 1175 2039; x_wconf 79' lang='lat' dir='ltr'>dubitamus,</span> <span class='ocrx_word' id='word_1_128' title='bbox 1192 1950 1251 2031; x_wconf 83' lang='lat' dir='ltr'>quin</span> 
     </span>
     <span class='ocr_line' id='line_1_18' title="bbox 396 2045 1251 2134; baseline -0.004 -24"><span class='ocrx_word' id='word_1_129' title='bbox 396 2045 449 2110; x_wconf 85' lang='lat' dir='ltr'>illa</span> <span class='ocrx_word' id='word_1_130' title='bbox 467 2068 550 2128; x_wconf 89' lang='lat' dir='ltr'>opera</span> <span class='ocrx_word' id='word_1_131' title='bbox 563 2051 615 2110; x_wconf 77' lang='lat' dir='ltr'>sint</span> <span class='ocrx_word' id='word_1_132' title='bbox 626 2053 760 2112; x_wconf 79' lang='lat' dir='ltr'>rationisr</span> <span class='ocrx_word' id='word_1_133' title='bbox 779 2055 845 2114; x_wconf 71' lang='lat' dir='ltr'>curn</span> <span class='ocrx_word' id='word_1_134' title='bbox 858 2072 951 2115; x_wconf 84' lang='lat' dir='ltr'>aurem</span> <span class='ocrx_word' id='word_1_135' title='bbox 964 2054 1098 2134; x_wconf 85' lang='lat' dir='ltr'>impeturn</span> <span class='ocrx_word' id='word_1_136' title='bbox 1110 2049 1182 2114; x_wconf 85' lang='lat' dir='ltr'>caeli</span> <span class='ocrx_word' id='word_1_137' title='bbox 1194 2063 1251 2108; x_wconf 82' lang='lat' dir='ltr'>cunt</span> 
     </span>
     <span class='ocr_line' id='line_1_19' title="bbox 300 2145 1251 2228; baseline -0.007 -18"><span class='ocrx_word' id='word_1_138' title='bbox 300 2191 302 2210; x_wconf 83' lang='lat'><em>.</em></span> <span class='ocrx_word' id='word_1_139' title='bbox 396 2145 554 2208; x_wconf 84' lang='lat' dir='ltr'>admirabili</span> <span class='ocrx_word' id='word_1_140' title='bbox 580 2146 721 2208; x_wconf 82' lang='lat' dir='ltr'>celeritate</span> <span class='ocrx_word' id='word_1_141' title='bbox 736 2148 842 2208; x_wconf 81' lang='lat' dir='ltr'>moveri</span> <span class='ocrx_word' id='word_1_142' title='bbox 865 2151 989 2228; x_wconf 86' lang='lat' dir='ltr'>vertique</span> <span class='ocrx_word' id='word_1_143' title='bbox 1012 2151 1165 2224; x_wconf 84' lang='lat' dir='ltr'>videamus,</span> <span class='ocrx_word' id='word_1_144' title='bbox 1190 2163 1251 2208; x_wconf 89' lang='lat' dir='ltr'>con·</span> 
     </span>
     <span class='ocr_line' id='line_1_20' title="bbox 395 2231 1319 2311; baseline -0.004 -3"><span class='ocrx_word' id='word_1_145' title='bbox 395 2231 551 2308; x_wconf 71' lang='lat' dir='ltr'>lianrillinrb</span> <span class='ocrx_word' id='word_1_146' title='bbox 561 2243 755 2309; x_wconf 86' lang='lat' dir='ltr'>conficientem</span> <span class='ocrx_word' id='word_1_147' title='bbox 768 2244 961 2311; x_wconf 86' lang='lat' dir='ltr'>vicillitudines</span> <span class='ocrx_word' id='word_1_148' title='bbox 982 2245 1177 2308; x_wconf 84' lang='lat' dir='ltr'>anniversarias</span> <span class='ocrx_word' id='word_1_149' title='bbox 1195 2261 1253 2306; x_wconf 86' lang='lat' dir='ltr'>curn</span> <span class='ocrx_word' id='word_1_150' title='bbox 1318 2281 1319 2304; x_wconf 65' lang='grc'><strong>;</strong></span> 
     </span>
     <span class='ocr_line' id='line_1_21' title="bbox 397 2327 1319 2418; baseline -0.011 -10"><span class='ocrx_word' id='word_1_151' title='bbox 397 2343 1253 2418; x_wconf 69' lang='lat' dir='ltr'>ummasalute&amp;cnnservationererumomnium;dubiumus,</span> <span class='ocrx_word' id='word_1_152' title='bbox 1318 2327 1319 2342; x_wconf 42' lang='lat'>³</span> 
     </span>
     <span class='ocr_line' id='line_1_22' title="bbox 396 2433 1250 2524; baseline -0.011 -18"><span class='ocrx_word' id='word_1_153' title='bbox 396 2433 464 2524; x_wconf 83' lang='lat' dir='ltr'>quin</span> <span class='ocrx_word' id='word_1_154' title='bbox 475 2456 577 2508; x_wconf 82' lang='lat' dir='ltr'>ea&#39;non</span> <span class='ocrx_word' id='word_1_155' title='bbox 589 2444 792 2506; x_wconf 80' lang='lat' dir='ltr'>soltimratione</span> <span class='ocrx_word' id='word_1_156' title='bbox 806 2441 884 2520; x_wconf 85' lang='lat' dir='ltr'>fiant,</span> <span class='ocrx_word' id='word_1_157' title='bbox 903 2444 948 2504; x_wconf 84' lang='lat' dir='ltr'>sed</span> <span class='ocrx_word' id='word_1_158' title='bbox 960 2443 1044 2505; x_wconf 86' lang='lat' dir='ltr'>etiam</span> <span class='ocrx_word' id='word_1_159' title='bbox 1056 2438 1250 2506; x_wconf 84' lang='lat' dir='ltr'>excellentidi-</span> 
     </span>
     <span class='ocr_line' id='line_1_23' title="bbox 398 2535 1252 2624; baseline -0.011 -20"><span class='ocrx_word' id='word_1_160' title='bbox 398 2543 515 2621; x_wconf 85' lang='lat' dir='ltr'>vinaque</span> <span class='ocrx_word' id='word_1_161' title='bbox 526 2544 631 2603; x_wconf 87' lang='lat' dir='ltr'>ratione</span> <span class='ocrx_word' id='word_1_162' title='bbox 642 2551 652 2602; x_wconf 70' lang='grc' dir='ltr'><em>Ξ</em></span> <span class='ocrx_word' id='word_1_163' title='bbox 664 2543 749 2604; x_wconf 87' lang='lat' dir='ltr'>Licet</span> <span class='ocrx_word' id='word_1_164' title='bbox 761 2541 837 2604; x_wconf 89' lang='lat' dir='ltr'>enirn</span> <span class='ocrx_word' id='word_1_165' title='bbox 846 2544 916 2624; x_wconf 86' lang='lat' dir='ltr'>jam,</span> <span class='ocrx_word' id='word_1_166' title='bbox 927 2559 1034 2604; x_wconf 85' lang='lat' dir='ltr'>remota</span> <span class='ocrx_word' id='word_1_167' title='bbox 1044 2535 1195 2603; x_wconf 77' lang='lat' dir='ltr'>subtilitate</span> <span class='ocrx_word' id='word_1_168' title='bbox 1205 2536 1252 2596; x_wconf 81' lang='lat' dir='ltr'>dis-</span> 
     </span>
     <span class='ocr_line' id='line_1_24' title="bbox 393 2624 1318 2719; baseline -0.005 -21"><span class='ocrx_word' id='word_1_169' title='bbox 393 2639 520 2717; x_wconf 83' lang='lat' dir='ltr'>putandi,</span> <span class='ocrx_word' id='word_1_170' title='bbox 538 2633 627 2699; x_wconf 82' lang='lat' dir='ltr'>oculis</span> <span class='ocrx_word' id='word_1_171' title='bbox 645 2640 849 2717; x_wconf 87' lang='lat' dir='ltr'>quodammodo</span> <span class='ocrx_word' id='word_1_172' title='bbox 868 2640 1053 2719; x_wconf 83' lang='lat' dir='ltr'>contemplari</span> <span class='ocrx_word' id='word_1_173' title='bbox 1076 2631 1250 2719; x_wconf 83' lang='lat' dir='ltr'>pulchritudi-</span> <span class='ocrx_word' id='word_1_174' title='bbox 1317 2624 1318 2662; x_wconf 61' lang='lat' dir='ltr'>l</span> 
     </span>
     <span class='ocr_line' id='line_1_25' title="bbox 393 2731 1250 2814; baseline -0.004 -20"><span class='ocrx_word' id='word_1_175' title='bbox 393 2755 458 2800; x_wconf 87' lang='lat' dir='ltr'>nern</span> <span class='ocrx_word' id='word_1_176' title='bbox 482 2753 574 2794; x_wconf 87' lang='lat' dir='ltr'>rerum</span> <span class='ocrx_word' id='word_1_177' title='bbox 599 2755 703 2809; x_wconf 87' lang='lat' dir='ltr'>earum,</span> <span class='ocrx_word' id='word_1_178' title='bbox 744 2754 810 2814; x_wconf 90' lang='lat' dir='ltr'>quas</span> <span class='ocrx_word' id='word_1_179' title='bbox 830 2733 925 2794; x_wconf 88' lang='lat' dir='ltr'>divina</span> <span class='ocrx_word' id='word_1_180' title='bbox 946 2733 1121 2812; x_wconf 84' lang='lat' dir='ltr'>providentia</span> <span class='ocrx_word' id='word_1_181' title='bbox 1142 2731 1250 2793; x_wconf 75' lang='lat' dir='ltr'>dicimus</span> 
     </span>
     <span class='ocr_line' id='line_1_26' title="bbox 337 2826 1248 2911; baseline -0.007 -20"><span class='ocrx_word' id='word_1_182' title='bbox 337 2846 374 2911; x_wconf 81' lang='lat'>39</span> <span class='ocrx_word' id='word_1_183' title='bbox 393 2830 561 2892; x_wconf 84' lang='lat' dir='ltr'>constitutas.</span> <span class='ocrx_word' id='word_1_184' title='bbox 592 2830 638 2894; x_wconf 84' lang='lat' dir='ltr'>Ac</span> <span class='ocrx_word' id='word_1_185' title='bbox 650 2830 789 2911; x_wconf 87' lang='lat' dir='ltr'>principio</span> <span class='ocrx_word' id='word_1_186' title='bbox 801 2846 873 2890; x_wconf 83' lang='lat' dir='ltr'>terra</span> <span class='ocrx_word' id='word_1_187' title='bbox 885 2829 1011 2892; x_wconf 83' lang='lat' dir='ltr'>universa</span> <span class='ocrx_word' id='word_1_188' title='bbox 1022 2845 1162 2902; x_wconf 83' lang='lat' dir='ltr'>cernatur,</span> <span class='ocrx_word' id='word_1_189' title='bbox 1181 2826 1248 2886; x_wconf 87' lang='lat' dir='ltr'>loca·</span> 
     </span>
     <span class='ocr_line' id='line_1_27' title="bbox 284 2922 1248 3014; baseline -0.006 -23"><span class='ocrx_word' id='word_1_190' title='bbox 284 2926 286 2937; x_wconf 79' lang='grc'><strong>’</strong></span> <span class='ocrx_word' id='word_1_191' title='bbox 393 2946 421 2991; x_wconf 88' lang='lat' dir='ltr'>ta</span> <span class='ocrx_word' id='word_1_192' title='bbox 434 2930 462 2990; x_wconf 88' lang='lat' dir='ltr'>in</span> <span class='ocrx_word' id='word_1_193' title='bbox 475 2926 564 2990; x_wconf 83' lang='lat' dir='ltr'>media</span> <span class='ocrx_word' id='word_1_194' title='bbox 579 2927 640 2990; x_wconf 86' lang='lat' dir='ltr'>sede</span> <span class='ocrx_word' id='word_1_195' title='bbox 653 2927 761 3014; x_wconf 77' lang='lat' dir='ltr'>mundi,</span> <span class='ocrx_word' id='word_1_196' title='bbox 779 2926 877 3002; x_wconf 89' lang='lat' dir='ltr'>solida,</span> <span class='ocrx_word' id='word_1_197' title='bbox 895 2929 927 2989; x_wconf 71' lang='grc' dir='ltr'>δι</span> <span class='ocrx_word' id='word_1_198' title='bbox 947 2927 1073 3011; x_wconf 84' lang='lat' dir='ltr'>globosa,</span> <span class='ocrx_word' id='word_1_199' title='bbox 1092 2928 1123 2988; x_wconf 73' lang='grc' dir='ltr'>δε</span> <span class='ocrx_word' id='word_1_200' title='bbox 1137 2922 1248 3001; x_wconf 80' lang='lat' dir='ltr'>undique</span> 
     </span>
     <span class='ocr_line' id='line_1_28' title="bbox 392 3017 1248 3110; baseline -0.009 -22"><span class='ocrx_word' id='word_1_201' title='bbox 392 3017 449 3109; x_wconf 72' lang='lat' dir='ltr'>ipa</span> <span class='ocrx_word' id='word_1_202' title='bbox 462 3028 491 3089; x_wconf 95' lang='lat' dir='ltr'>in</span> <span class='ocrx_word' id='word_1_203' title='bbox 506 3028 562 3089; x_wconf 83' lang='lat' dir='ltr'>sese</span> <span class='ocrx_word' id='word_1_204' title='bbox 573 3025 686 3090; x_wconf 80' lang='lat' dir='ltr'>nutibus</span> <span class='ocrx_word' id='word_1_205' title='bbox 697 3024 747 3088; x_wconf 87' lang='lat' dir='ltr'>suis</span> <span class='ocrx_word' id='word_1_206' title='bbox 758 3025 938 3110; x_wconf 77' lang='lat' dir='ltr'>conglobata,</span> <span class='ocrx_word' id='word_1_207' title='bbox 949 3026 1043 3086; x_wconf 82' lang='lat' dir='ltr'>vestita</span> <span class='ocrx_word' id='word_1_208' title='bbox 1055 3023 1182 3098; x_wconf 85' lang='lat' dir='ltr'>floribus,</span> <span class='ocrx_word' id='word_1_209' title='bbox 1193 3022 1248 3081; x_wconf 83' lang='lat' dir='ltr'>het-</span> 
     </span>
     <span class='ocr_line' id='line_1_29' title="bbox 391 3113 1317 3208; baseline -0.006 -20"><span class='ocrx_word' id='word_1_210' title='bbox 391 3127 444 3202; x_wconf 79' lang='lat' dir='ltr'>bis,</span> <span class='ocrx_word' id='word_1_211' title='bbox 462 3125 618 3201; x_wconf 79' lang='lat' dir='ltr'>arboribus,</span> <span class='ocrx_word' id='word_1_212' title='bbox 635 3124 775 3208; x_wconf 70' lang='lat' dir='ltr'>frugibus:</span> <span class='ocrx_word' id='word_1_213' title='bbox 807 3142 924 3204; x_wconf 83' lang='lat' dir='ltr'>quotum</span> <span class='ocrx_word' id='word_1_214' title='bbox 943 3122 1066 3186; x_wconf 87' lang='lat' dir='ltr'>omniurn</span> <span class='ocrx_word' id='word_1_215' title='bbox 1086 3113 1248 3182; x_wconf 71' lang='lat' dir='ltr'>incredibilis</span> <span class='ocrx_word' id='word_1_216' title='bbox 1316 3151 1317 3182; x_wconf 74' lang='lat' dir='ltr'>l</span> 
     </span>
     <span class='ocr_line' id='line_1_30' title="bbox 393 3217 1250 3304; baseline -0.016 -18"><span class='ocrx_word' id='word_1_217' title='bbox 393 3225 556 3301; x_wconf 83' lang='lat' dir='ltr'>multitudo,</span> <span class='ocrx_word' id='word_1_218' title='bbox 574 3221 723 3300; x_wconf 76' lang='lat' dir='ltr'>insatiabili</span> <span class='ocrx_word' id='word_1_219' title='bbox 739 3220 870 3285; x_wconf 83' lang='lat' dir='ltr'>varietate</span> <span class='ocrx_word' id='word_1_220' title='bbox 881 3219 1065 3304; x_wconf 81' lang='lat' dir='ltr'>distinguitur.</span> <span class='ocrx_word' id='word_1_221' title='bbox 1103 3219 1187 3280; x_wconf 88' lang='lat' dir='ltr'>Adde</span> <span class='ocrx_word' id='word_1_222' title='bbox 1195 3217 1250 3276; x_wconf 83' lang='lat' dir='ltr'>hue</span> 
     </span>
     <span class='ocr_line' id='line_1_31' title="bbox 396 3307 1246 3406; baseline -0.014 -20"><span class='ocrx_word' id='word_1_223' title='bbox 396 3324 515 3386; x_wconf 78' lang='lat' dir='ltr'>sontium</span> <span class='ocrx_word' id='word_1_224' title='bbox 528 3322 632 3406; x_wconf 86' lang='lat' dir='ltr'>gelidas</span> <span class='ocrx_word' id='word_1_225' title='bbox 643 3320 834 3402; x_wconf 79' lang='lat' dir='ltr'>perennitates,</span> <span class='ocrx_word' id='word_1_226' title='bbox 852 3320 974 3400; x_wconf 84' lang='lat' dir='ltr'>liquores</span> <span class='ocrx_word' id='word_1_227' title='bbox 994 3316 1152 3400; x_wconf 75' lang='lat' dir='ltr'>perlucidos</span> <span class='ocrx_word' id='word_1_228' title='bbox 1162 3307 1246 3380; x_wconf 77' lang='lat' dir='ltr'>anni-</span> 
     </span>
     <span class='ocr_line' id='line_1_32' title="bbox 391 3417 1316 3526; baseline -0.016 -41"><span class='ocrx_word' id='word_1_229' title='bbox 391 3446 449 3499; x_wconf 78' lang='lat' dir='ltr'>urn,</span> <span class='ocrx_word' id='word_1_230' title='bbox 469 3421 589 3502; x_wconf 85' lang='lat' dir='ltr'>riparum</span> <span class='ocrx_word' id='word_1_231' title='bbox 613 3421 723 3484; x_wconf 85' lang='lat' dir='ltr'>vestitus</span> <span class='ocrx_word' id='word_1_232' title='bbox 737 3417 921 3496; x_wconf 84' lang='lat' dir='ltr'>viridiffimos,</span> <span class='ocrx_word' id='word_1_233' title='bbox 939 3420 1131 3503; x_wconf 86' lang='lat' dir='ltr'>speluncarum</span> <span class='ocrx_word' id='word_1_234' title='bbox 1149 3429 1243 3476; x_wconf 89' lang='lat' dir='ltr'>conca·</span> <span class='ocrx_word' id='word_1_235' title='bbox 1315 3497 1316 3526; x_wconf 25' lang='grc'>1</span> 
     </span>
    </p>
   </div>
   <div class='ocr_carea' id='block_1_3' title="bbox 354 3516 1316 3670">
    <p class='ocr_par' dir='ltr' id='par_1_3' title="bbox 354 3516 1316 3670">
     <span class='ocr_line' id='line_1_33' title="bbox 354 3516 1316 3601; baseline -0.006 -37"><span class='ocrx_word' id='word_1_236' title='bbox 354 3559 356 3564; x_wconf 91' lang='grc'>.</span> <span class='ocrx_word' id='word_1_237' title='bbox 389 3545 434 3588; x_wconf 78' lang='lat' dir='ltr'>vae</span> <span class='ocrx_word' id='word_1_238' title='bbox 447 3518 617 3601; x_wconf 77' lang='lat' dir='ltr'>altitudines,</span> <span class='ocrx_word' id='word_1_239' title='bbox 629 3521 755 3584; x_wconf 85' lang='lat' dir='ltr'>saxorum</span> <span class='ocrx_word' id='word_1_240' title='bbox 768 3516 933 3599; x_wconf 76' lang='lat' dir='ltr'>asperitates,</span> <span class='ocrx_word' id='word_1_241' title='bbox 944 3517 1154 3599; x_wconf 59' lang='lat' dir='ltr'>inpendentium</span> <span class='ocrx_word' id='word_1_242' title='bbox 1166 3527 1241 3572; x_wconf 70' lang='lat' dir='ltr'>mon.</span> <span class='ocrx_word' id='word_1_243' title='bbox 1315 3539 1316 3558; x_wconf 47' lang='lat'>1</span> 
     </span>
     <span class='ocr_line' id='line_1_34' title="bbox 777 3621 1241 3670; baseline -0.043 17"><span class='ocrx_word' id='word_1_244' title='bbox 777 3629 780 3638; x_wconf 67' lang='lat'><strong>⁴</strong></span> <span class='ocrx_word' id='word_1_245' title='bbox 1174 3621 1241 3670; x_wconf 76' lang='lat' dir='ltr'>trum</span> 
     </span>
    </p>
   </div>
   <div class='ocr_carea' id='block_1_4' title="bbox 0 0 1354 4444">
    <p class='ocr_par' dir='ltr' id='par_1_4' title="bbox 0 0 1354 4444">
     <span class='ocr_line' id='line_1_35' title="bbox 0 0 1354 4444; baseline 0 5"><span class='ocrx_word' id='word_1_246' title='bbox 0 0 1354 4444; x_wconf 95' lang='lat' dir='ltr'> </span> 
     </span>
    </p>
   </div>
  </div>
 </body>
</html>
