2676 4368
290 381 344 494 64'
440 391 515 468 Da
557 388 797 470 Nlruna
832 387 1076 469 Danaum

344 549 441 598 namra
463 535 507 614 lit,
533 535 755 600 confideremus:
783 541 812 600 in
834 561 889 619 quo
908 539 979 600 nihil
1000 525 1205 612 estdlhcilius,

343 638 421 716 quim
433 638 449 696 i
460 637 653 700 consuendine
665 639 808 698 oculorum
826 639 915 698 aciem
937 637 1033 698 mentis
1054 637 1202 699 abducere.

343 735 386 796 Ea
406 733 556 797 difficultas
576 735 695 810 induxit,
722 738 754 798 δε
778 737 865 820 tolga
888 734 1028 816 inperitos,
1047 738 1079 797 de
1101 733 1205 794 similes

343 833 524 914 philosophos
535 829 725 911 inperitorum,
743 851 782 906 ut,
804 834 852 894 nih
866 831 961 916 figuris
973 834 1200 893 hominum-con-

343 930 454 1008 stitutis,
484 929 558 992 nihil
583 927 688 1008 pollent
713 931 750 991 de
773 926 827 992 Dis
850 925 1042 992 inmortalibus
1073 930 1203 1012 cogitare.

341 1027 425 1110 Cujus
436 1026 573 1108 opinionis
585 1027 682 1088 levitas
694 1027 836 1089 confutata
849 1031 863 1088 d
876 1029 970 1103 Cotta,
999 1050 1056 1089 uon
1068 1023 1203 1088 deiiderat
1324 1019 1325 1036 ¹

340 1123 493 1216 orationem
518 1143 617 1186 meam.
655 1124 711 1184 Sed
733 1128 798 1184 etim
820 1124 905 1184 talem
930 1121 984 1186 elle
1008 1125 1102 1184 Deum
1129 1138 1201 1183 certa
1324 1135 1325 1178 l

340 1222 454 1284 notione
479 1222 565 1284 animi
589 1221 809 1304 praesentamus,
838 1223 958 1303 prim'tim
980 1241 1011 1284 ut
1022 1223 1055 1283 srt
1068 1223 1201 1296 animans,
1324 1211 1325 1232 ¹

340 1321 440 1384 deinde
452 1337 484 1384 ut
496 1320 526 1383 in
538 1321 615 1384 omni
626 1339 722 1382 natura
734 1321 807 1382 nihil
828 1343 863 1382 eo
884 1322 917 1382 srt
937 1323 1114 1402 praestantius
1126 1347 1133 1382 ι
1161 1325 1196 1381 ad
1324 1307 1325 1310 Ἴ

338 1421 412 1480 hanc
423 1419 637 1500 praesensionem
649 1417 841 1502 notionemque
862 1420 992 1492 nostram,
1020 1419 1094 1480 nihil
1120 1407 1204 1478 video'

339 1520 415 1598 quod
439 1517 773 1598 potiusadcommodem,
801 1515 882 1595 quim
895 1534 926 1577 ut
937 1517 1057 1598 prlmdm
1070 1519 1146 1578 hunc
1159 1517 1200 1596 ip·
1324 1555 1325 1570 r

338 1616 398 1676 snm
421 1619 574 1690 mundum,
593 1633 649 1695 quo
671 1615 743 1676 nihil
756 1612 935 1677 excellentius
947 1615 1118 1696 heripotell,
1140 1615 1200 1676 ani·
1324 1605 1325 1612 ἵ

338 1731 462 1778 ntantetn
473 1715 529 1779 else
540 1717 572 1780 δι
584 1715 677 1775 Deum
688 1715 818 1797 jndicem.
858 1711 916 1774 Hic
935 1717 1014 1794 qualm
1037 1717 1114 1778 volet
1135 1714 1201 1794 Epi*

337 1835 419 1880 curus
439 1816 558 1898 jocetur,
583 1815 671 1888 humo
691 1835 748 1874 non
767 1811 915 1892 aptilhmus
926 1815 960 1873 ad
970 1815 1127 1895 jocandum,
1147 1812 1200 1873 mi*

336 1911 463 1992 nimeque
476 1912 757 1992 relipienspatriam3
786 1915 818 1974 δι
840 1913 924 1988 dicat,
954 1913 1058 1974 senon
1071 1914 1145 1994 polle
1157 1913 1199 1972 in-

335 2007 474 2089 eelligete,
501 2012 589 2086 qualis
607 2009 639 2066 ht
651 2011 783 2071 volubilis
795 2014 827 2072 dt
838 2011 968 2072 rotundus
979 2010 1054 2071 Deus
1067 2011 1076 2069 ἑ
1109 2028 1200 2071 tamen

333 2123 371 2166 ex
391 2103 458 2179 hoc,
485 2104 664 2180 quodetiam
686 2101 740 2178 ipse
761 2105 870 2181 probat,
898 2125 1046 2183 numquam
1074 2129 1119 2167 me
1139 2113 1201 2178 mo,

334 2201 419 2266 vehit.
464 2195 559 2262 Placet
580 2195 655 2260 enim
680 2197 726 2258 illi
751 2197 804 2260 elle
828 2201 916 2273 Deos,
944 2200 1007 2278 quia
1034 2203 1139 2264 necesse
1164 2205 1199 2266 lit

333 2299 513 2382 praestantem
537 2295 590 2358 eise
610 2295 731 2374 aliquam
751 2311 884 2370 hamram,
906 2315 967 2374 -qna
989 2295 1061 2356 nihil
1089 2296 1122 2356 srt
1140 2319 1218 2374 me<

334 2401 398 2462 lius.
437 2395 550 2458 Mundo
562 2414 652 2460 autem
667 2394 740 2456 certe
761 2391 834 2454 nihil
855 2395 903 2472 est¹
916 2396 1022 2459 melius.
1061 2399 1125 2460 Nec
1146 2399 1200 2458 du·

237 2555 239 2560 ,
334 2495 424 2567 bium,
441 2491 520 2570 quin,
548 2493 622 2570 quod
650 2491 773 2550 animans
795 2488 838 2566 stt,
867 2491 1020 2573 habeatque
1040 2492 1145 2554 sensum
1166 2496 1198 2556 δε
1323 2487 1324 2518 ¹

249 2630 254 2638 ·
333 2593 472 2656 rationem
493 2589 525 2650 de
548 2603 680 2659 mentem,
708 2587 737 2644 id
756 2586 789 2645 fit
802 2590 912 2664 melius,
931 2595 1011 2670 qualm
1025 2594 1053 2653 id
1066 2596 1140 2672 quod
1155 2591 1203 2652 his¹

332 2707 431 2755 careat.
468 2684 651 2761 Iaefficim,
666 2683 843 2761 animantem,
862 2689 961 2763 sensus,
981 2691 1090 2765 mentis,
1109 2692 1194 2752 ratio-

332 2791 376 2852 nis
387 2783 587 2849 mundumelle
599 2799 777 2864 compotem:
812 2806 863 2866 qua
884 2784 1003 2863 ratione,
1028 2787 1121 2850 Deum
1140 2789 1195 2850 elle

277 2945 280 2956 ,
332 2887 479 2963 mundum,
496 2883 679 2958 ooncluditur,
718 2883 774 2946 Sed
794 2885 864 2947 haec
886 2887 983 2965 paullo
1004 2888 1063 2968 post
1084 2887 1197 2948 facihhs

332 2983 531 3068 cognoscentur·
552 3003 587 3042 ex
607 2979 652 3040 his
673 2981 754 3060 rebus
775 2976 847 3060 iplis,
877 3003 942 3062 quas
964 2987 1079 3045 mundus
1100 2983 1195 3046 efficit.

275 3088 314 3159 ,18
335 3083 454 3160 Interea,
473 3078 581 3156 Vellei,
598 3077 669 3156 noll,
686 3081 795 3160 quaeso,
814 3102 879 3160 prae
894 3098 921 3142 te
935 3081 1034 3157 ferre,
1050 3103 1099 3142 vos
1110 3082 1192 3162 plane

334 3199 460 3264 expertes
470 3180 525 3242 else
536 3177 688 3240 doetrinae.
726 3179 836 3240 Conum
851 3179 905 3242 tibi
917 3179 966 3257 ais,
985 3183 1193 3262 &cylindrum

333 3285 366 3345 ἃ
390 3280 560 3368 pyramidem
581 3279 778 3360 pulchriorem,
805 3281 887 3358 quim
911 3282 1061 3362 sphaeram,
1092 3282 1201 3344 videri·

337 3381 454 3440 Novum
465 3379 550 3440 etiam
561 3379 704 3441 oculorum
716 3377 850 3460 judicium
861 3377 975 3442 habetis.
1013 3380 1068 3440 Sed
1081 3379 1132 3441 smt
1145 3382 1200 3441 illa'

339 3471 512 3556 pulchriora,
528 3475 671 3537 dumtaxat
682 3472 810 3553 aspeetu:
836 3477 906 3555 quod
920 3475 991 3537 mihi
1002 3493 1093 3537 tamen
1105 3476 1193 3554 ipsum

298 3659 300 3666 γ
334 3591 392 3637 non
410 3565 524 3635 vidente.
563 3569 639 3653 Quid
651 3572 724 3634 enim
737 3574 881 3653 pulchrius
892 3596 924 3638 ea
939 3574 1038 3658 figura,
1056 3596 1124 3655 quae
1135 3575 1193 3637 sola

702 3702 705 3708 ·
1100 3687 1197 3733 ornnes
