2676 4368
460 327 740 442 Lmsr'nj
1008 393 1060 474 55
1131 470 1135 478 Ι

89 531 92 536 “
143 525 277 575 nerentur.
315 513 407 592 Atque
425 515 496 576 haec
514 515 580 574 cum
600 510 714 574 uberius
733 509 1001 594 uspuomroefir.

142 603 199 682 stus,
218 625 247 672 'ut
260 609 331 671 mihi
342 611 381 672 est
394 610 528 672 inanimo
540 611 642 684 facere,
660 609 770 672 facilius
778 609 914 695 effugiunt
924 615 999 676 Aca-

136 706 309 772 demicorum
330 710 498 770 calumniam
513 737 520 772 :
550 711 733 785 cursantem,
750 727 782 772 ut
794 713 872 774 Zeno
884 697 1000 789 solebat,

134 799 245 864 brevius
256 806 444 888 angustiusque
455 807 673 878 concluduntur3
700 825 760 868 tum
780 807 916 890 apertiora
937 801 1000 868 sunt

84 909 88 920 ·
131 899 166 956 ad
180 903 445 980 reprehendendum.
485 903 562 964 Nam
574 919 605 962 ut
617 901 756 980 profluens
767 903 867 980 amnis,
883 917 930 964 aut
939 901 999 975 vix,

127 1010 178 1080 aut
200 999 282 1060 nusso
305 1003 388 1062 m'odo
406 1023 415 1074 ;
437 1002 564 1063 conclusa
576 1017 668 1060 autern
680 1021 758 1080 aqua,
776 1001 859 1064 tacite
871 1013 997 1064 corrum-

125 1092 207 1170 pitur
224 1122 232 1157 :
261 1096 298 1160 stc
309 1099 442 1160 orationis
454 1099 568 1160 flumine
581 1097 780 1176 reprehensoris
793 1101 859 1162 vitia
879 1099 996 1160 diluun-

123 1205 197 1266 tur;
226 1195 349 1277 angustia
372 1177 463 1257 autem
484 1195 632 1258 conclusae
653 1197 783 1258 orationis
804 1197 994 1259 nonfacilese

122 1283 186 1371 ipsa
198 1307 314 1352 tutatur.
333 1294 432 1354 Haec
443 1293 529 1368 enirn,
556 1287 626 1371 quae
638 1291 811 1354 dilatantur
799 1321 814 1354 a
826 1293 918 1366 nobis,
936 1293 991 1353 Ze-

123 1403 169 1446 no
183 1385 222 1446 ric
234 1377 399 1464 premebat':
423 1395 444 1428 “
457 1393 541 1472 Quod
552 1411 659 1456 tattone
671 1408 767 1466 utrtur,
793 1389 821 1448 id
835 1390 935 1450 melrus
945 1389 994 1465 est
1032 1393 1049 1451 8

121 1471 148 1521 ‘¹
171 1485 252 1564 quam
278 1484 317 1561 id,
347 1487 421 1568 quod
445 1487 550 1551 ratione
575 1511 632 1552 non
658 1495 767 1553 utitur:
800 1485 875 1546 nihi}
898 1499 991 1548 autem

121 1587 150 1622 “
171 1587 276 1644 mundo
288 1587 404 1654 melius:
423 1589 531 1654 ratione
543 1609 628 1675 untur
637 1593 754 1654 mundus
766 1587 867 1652 utitur.¹
870 1587 989 1648 simi

119 1676 279 1742 litereffici
290 1687 390 1764 potest,
418 1687 565 1767 sapientem
587 1687 640 1752 esse
661 1672 819 1780 mundum:
850 1681 988 1758 fimiliter,

121 1775 257 1843 beanrm:
287 1780 306 1842 s
309 1783 423 1860 mtlrter,
441 1793 598 1850 aeternum.
628 1773 723 1848 omnia
744 1784 820 1847 enim
840 1781 911 1840 haec
929 1775 990 1840 m‘e-

118 1875 197 1939 liora
210 1879 279 1954 firnt,
297 1884 377 1960 quam
389 1903 433 1957 ea,
450 1905 519 1964 quae
532 1886 596 1946 sunt
607 1885 652 1946 his
663 1883 801 1946 carentia:
820 1901 872 1940 nec
885 1871 989 1939 mundo

99 2049 103 2060 Ι
117 1975 267 2062 quicquum
281 1977 396 2044 melius:
416 2003 451 2042 ex
462 2003 519 2060 quo
531 1979 661 2058 efficitur,
672 1977 726 2043 effe
738 1980 869 2040 mundum
881 1971 984 2039 Deum.

118 2074 260 2154 Idemque
274 2075 330 2136 hoc
342 2077 448 2138 modo:
468 2085 489 2118 “
502 2077 618 2142 Nullius
629 2077 703 2139 sensu
716 2061 832 2158 carentis
853 2085 914 2154 pars
931 2073 986 2134 ali-

117 2178 143 2212 “
166 2194 218 2252 qua
227 2175 313 2254 potest
325 2173 378 2238 effe
390 2176 520 2238 sentiens:
542 2174 647 2238 Mundi
658 2193 752 2238 autem
764 2191 855 2252 partes
867 2173 986 2234 sentien-

118 2278 144 2314 “
166 2288 207 2332 tes
219 2275 299 2335 fiunt
329 2295 387 2336 nott
408 2275 494 2357 igitur
516 2291 592 2335 caret
612 2251 692 2334 sensu
707 2273 852 2334 mundus’
875 2268 987 2347 Pergit

119 2369 212 2442 idem,
230 2373 355 2451 &urget
365 2371 520 2451 angusttus
549 2377 570 2407 ‘⁸
583 2369 682 2440 Nihil,
700 2366 798 2444 inqut,
817 2365 888 2444 quod
901 2361 988 2422 animi

117 2472 143 2506 ⁴‘
166 2465 294 2542 quodque
307 2464 423 2524 rationis
432 2463 471 2522 est
484 2479 603 2542 expers,
619 2462 654 2525 id
661 2481 801 2544 generare
812 2481 848 2520 ex
860 2459 887 2521 ie
897 2457 987 2540 potest

118 2564 144 2598 ‘⁴
158 2557 333 2620 'animantem
348 2554 562 2639 'compotemque
582 2557 720 2620 ιιιιὶοιιίιι
750 2555 867 2618 mundus
890 2570 985 2616 autem
1080 2551 1085 2562 '

105 2661 141 2736 ·“
162 2674 275 2738 generat
285 2657 436 2738 animqntes
447 2658 640 2738 compotesque
652 2655 783 2720 rationis:
804 2645 928 2722 animans
942 2653 983 2714 est

116 2759 140 2794 “
162 2752 246 2836 igitur
265 2755 381 2816 mundus
400 2757 565 2834 composque
583 2753 727 2814 rationis'*
763 2751 895 2830 Idemque
906 2749 983 2809 frmi-

79 2852 82 2858 ’
115 2849 248 2924 litudine,
268 2868 299 2911 ut
312 2851 390 2930 saepe
404 2851 484 2926 solet,
513 2851 648 2912 rationem
660 2847 795 2911 cotrclusrt
808 2849 862 2908 hoc
875 2848 980 2906 modo:

114 2953 138 2987 “
151 2945 194 3034 JSi
214 2969 248 3008 ex
270 2943 346 3006 oliva
371 2946 513 3007 modulate
535 2963 663 3026 canentes
685 2944 768 3004 tibiae
787 2943 982 3012 nascerentur3

113 3051 138 3084 ‘⁴
160 3065 227 3104 num
237 3045 386 3120 dubitares,
404 3045 470 3126 quin
483 3043 578 3106 ineffet
590 3043 619 3104 in
632 3044 707 3104 oliva
719 3041 840 3120 tichinis
849 3040 981 3120 quaedam

115 3151 139 3185 “
161 3143 297 3204 scientia?
326 3143 404 3226 Quid
425 3143 445 3204 sr
468 3143 574 3224 platani
586 3141 712 3203 fidiculas
723 3141 827 3210 ferrent
838 3137 981 3200 numerose

111 3246 136 3282 ‘⁴
159 3239 305 3318 sonantes}
334 3241 413 3300 Idem
434 3239 538 3303 scilicet
549 3239 692 3312 censeres,
720 3233 883 3316 inplatanis
898 3229 979 3298 ineffu
1007 3277 1014 3284 .

19 3323 25 3336 '
113 3342 137 3377 ‘⁴
151 3325 296 3396 musteum.
332 3333 392 3395 Cur
401 3319 483 3418 {gitur
493 3335 608 3412 mundus
620 3320 676 3394 non
689 3331 812 3396 animans
823 3329 978 3410 sapiensque

113 3439 136 3476 ⁴⁶
156 3429 308 3512 judicetur,
327 3451 391 3491 cnm
404 3451 439 3490 ex
453 3429 478 3490 se
491 3448 616 3510 procreet
628 3429 777 3490 animantes
788 3446 865 3508 atque
876 3423 981 3504 sapien

27 3541 35 3562 ¹
113 3538 138 3577 ‘⁶
157 3539 219 3630 tes?
240 3533 318 3600 Sed
330 3552 460 3618 quonum
478 3530 558 3610 coepi
579 3531 653 3594 secus
674 3551 765 3614 agere,
793 3549 872 3612 atque
897 3523 979 3586 initio
1018 3545 1035 3601 ι

520 3629 551 3693 D
572 3648 587 3710 3
783 3640 785 3650 ·
895 3619 1018 3683 eneam
