2664 4378
295 331 352 460 3'6
439 351 514 430 De
551 348 797 430 Ninum
834 353 1077 432 Dtonutt

357 495 550 576 ceps've'nerit.
589 497 647 558 Sed
668 496 789 558 clamare
811 515 868 558 non
891 496 1023 573 desinitis,
1049 497 1217 559 retinendum

356 597 417 655 lroc
428 593 493 669 elle,
511 594 590 656 Deus
601 608 632 656 'ut
643 594 739 656 beatus
750 595 957 675 inmortalisque
970 595 1010 659 fit.
1045 597 1120 677 Qtid
1133 611 1219 656 autem
1309 625 1314 643 -=

356 691 458 764 obstat,
476 711 531 769 quo
551 690 642 750 mimis
666 688 698 749 fit
720 691 825 766 beatus,
844 691 863 752 st
883 712 940 752 non
953 690 985 752 stt
996 692 1096 770 lupas?
1115 709 1162 750 aut
1173 688 1221 746 ista

358 789 416 850 sive
425 789 549 865 beatitas,
562 789 615 850 five
628 789 769 850 beatitudo
782 790 898 853 dicenda
910 790 960 864 est,
980 795 1142 868 (utrumque
1164 806 1223 846 om-

358 886 427 946 nino
439 887 551 961 durum,
564 885 610 946 sed
622 885 669 945 usu
680 885 834 948 mollienda
846 885 927 949 nobis
936 888 1019 946 verba
1034 887 1093 948 stmt
1105 894 1119 962 )
1131 883 1223 945 veritus

355 1003 404 1056 ea,
421 1003 606 1062 quaecumque
617 983 667 1057 est,
678 1003 731 1044 cur
741 999 787 1046 aut
799 985 829 1044 in
844 984 931 1044 solem
944 981 1039 1058 illum,
1051 1001 1096 1046 aut
1111 985 1142 1044 in
1150 983 1222 1045 huno

328 1125 331 1135 .
358 1084 504 1158 mundum,
513 1099 559 1142 aut
572 1080 602 1140 in
609 1081 732 1160 aliquam
745 1099 869 1144 mentem
879 1097 1028 1155 aeternam,
1042 1081 1132 1166 ligura
1144 1098 1227 1140 mem-

355 1179 467 1258 brisque
478 1181 602 1259 corporis
620 1199 745 1255 vacuam,
765 1183 864 1242 cadere
876 1201 934 1241 non
953 1181 1064 1260 potest?
1104 1177 1228 1240 Nihiln-

359 1280 421 1341 liud
433 1277 519 1353 dieis,
532 1273 594 1351 rifi,
612 1296 761 1356 numquam
774 1276 833 1338 vidi
846 1276 944 1352 solem,
964 1296 1012 1344 aut
1026 1277 1157 1338 mundum
1176 1277 1224 1334 be-

358 1385 444 1440 atum.
482 1373 583 1458 Quid?
608 1376 756 1451 mundum,
775 1389 885 1454 praeter
904 1375 990 1449 hunc,
1011 1393 1173 1456 umquamne
1185 1370 1228 1431 vi·
1314 1391 1315 1458 j

355 1478 446 1538 distis
484 1473 616 1557 Negabis.
654 1473 714 1534 Cur
735 1473 821 1556 igitur
842 1487 900 1532 non
924 1473 1051 1534 sexcenta
1071 1472 1163 1534 millia
1175 1467 1226 1532 elle

356 1573 531 1644 mundorum,
550 1571 596 1630 sed
609 1568 823 1632 innumerabilia
835 1571 911 1632 ausus
931 1591 961 1630 es
989 1567 1104 1630 diceret
1143 1565 1227 1630 Ratio
1315 1573 1317 1632 f

358 1665 461 1729 docuit,
500 1665 578 1745 Ergo
594 1664 650 1725 hoc
668 1681 697 1726 te
718 1665 791 1726 ratio
804 1685 861 1724 non
873 1661 997 1738 docebit,
1015 1664 1227 1742 ct'rmpraestan-
1314 1703 1315 1708 κ

290 1746 308 1840 ,ἶ
357 1763 456 1825 tiffima
468 1771 565 1822 natura
577 1777 731 1841 quaeratur,
748 1778 836 1839 eaque
855 1759 936 1820 beata
958 1760 990 1820 de
1009 1773 1131 1835 aeterna,
1159 1779 1229 1838 quae
1313 1805 1314 1830 2

299 1841 302 1848 Δ
356 1861 415 1918 fisla
428 1856 523 1919 divina
534 1873 633 1919 natura
645 1855 722 1929 sunt;
734 1871 766 1916 ut
777 1853 978 1917 inmortalitate
991 1850 1133 1916 vincimur
1145 1853 1182 1914 ab
1195 1872 1227 1914 ea

357 1969 469 2027 natura,
482 1957 520 2015 stc
532 1955 619 2016 animi
628 1956 791 2034 praestantia
804 1951 895 2020 vinci:
915 1970 996 2038 atque
1006 1969 1037 2015 ut
1048 1945 1146 2025 animi,
1160 1949 1228 2012 item
1310 1959 1314 1989 ι’

353 2046 495 2124 corporis?
513 2047 574 2108 Cur
583 2049 679 2129 igitur,
690 2050 757 2111 edm
769 2053 867 2112 ceteris
879 2052 962 2112 rebus
975 2052 1121 2114 inferiores
1137 2049 1231 2122 fimus,
1312 2083 1314 2102 r

355 2145 444 2206 forma
453 2147 657 2224 pareslumust
675 2145 711 2202 ad
723 2143 933 2208 similitudinem
946 2150 1020 2210 enim
1034 2149 1098 2210 Deo
1131 2143 1231 2228 propi·
1312 2163 1313 2225 3

300 2261 337 2326 35
359 2265 390 2306 us
410 2240 559 2325 aceedebat
581 2241 700 2302 humana
721 2239 820 2316 virtus,
840 2245 920 2323 quim
943 2235 1040 2328 figula.
1083 2243 1134 2302 An
1155 2241 1233 2321 quic·

356 2363 437 2424 quam
458 2357 516 2402 tam
535 2337 639 2418 puerile
651 2337 708 2399 dici
720 2341 807 2418 potest
819 2347 832 2417 (
842 2359 874 2402 ut
884 2343 1005 2406 eundem
1017 2341 1111 2402 locum
1124 2337 1229 2400 diutius
1312 2329 1313 2364 l

355 2461 466 2520 urgeam
478 2447 492 2512 )
504 2441 580 2516 qudtn
593 2435 613 2495 si
626 2458 658 2498 ea
669 2458 770 2518 genera
781 2437 937 2515 beluarum,
946 2461 1012 2520 quae
1023 2439 1054 2501 in
1065 2437 1150 2500 rubro
1160 2435 1233 2496 mari

355 2531 471 2592 Indiave
483 2530 644 2609 gignantur,
666 2529 744 2589 nulla
763 2529 817 2590 eise
839 2533 986 2606 dicamus?
1024 2533 1110 2614 Atqui
1129 2554 1165 2595 ne
1177 2553 1226 2594 cu-

356 2619 614 2702 riosrllrmi'quidem
626 2619 754 2682 homines
766 2624 938 2702 exquirendo
950 2629 1046 2687 audire
1059 2644 1117 2687 tam
1137 2628 1229 2689 multa
1316 2697 1317 2716 Χ

353 2717 473 2800 poliunt,
492 2721 573 2798 quam
596 2721 657 2780 sunt
669 2719 768 2796 multa,
780 2741 850 2802 quae
862 2736 945 2795 terra,
964 2721 1047 2795 mari,
1066 2721 1227 2800 paludibus,

353 2815 515 2881 fluminibus
527 2818 664 2880 existunt:
684 2840 752 2900 quae
764 2839 897 2902 negemus
913 2815 979 2893 etse,
997 2819 1060 2897 quia
1075 2839 1229 2900 numquam

349 2913 476 2977 uidimus.
516 2914 578 2992 Ipsa
600 2916 671 2976 verb
694 2915 773 2994 qualm
799 2916 873 2978 nihil
892 2918 999 2978 adrem
1012 2915 1143 2994 pertinet,
1164 2939 1232 2998 quae

355 3029 403 3076 vos
415 3009 537 3074 delcetat
550 3010 689 3088 martunb,
708 3009 881 3074 similitudo?
912 3011 1015 3094 Quid?
1035 3008 1110 3074 canis
1129 3032 1228 3078 nonne

354 3107 556 3187 similis-lupo?
576 3123 669 3188 atque,
689 3124 720 3170 ut
732 3107 848 3192 Ennius,
906 3160 908 3162 ,
1006 3105 1009 3110 ’

388 3247 390 3252 2
410 3209 688 3288 Sr‘miaqadmfima'lis,
706 3211 847 3286 terprffuna
861 3208 945 3288 bqtlira,
965 3207 1051 3270 nobis?

351 3317 380 3362 at
394 3320 484 3362 mores
493 3300 523 3363 in
532 3319 649 3381 utroque
658 3301 784 3384 dispares.
814 3303 973 3382 Elephanto
986 3303 1134 3366 beluarum
1146 3301 1227 3364 nulla

326 3449 327 3452 η
355 3396 535 3478 prudentior:
556 3396 687 3480 rat-ligura
698 3417 768 3476 quae
782 3385 900 3460 uaniora
938 3399 985 3459 De
999 3399 1092 3460 bestiis
1104 3400 1203 3478 loquor
1215 3408 1228 3460 t

354 3497 453 3582 Quid?
474 3493 548 3558 lutet
568 3496 640 3578 ipsus
659 3493 893 3558 hominesuunue
912 3495 1109 3562 &simillimis
1128 3497 1229 3566 formis

1105 3591 1229 3673 disparat
