2676 4368
265 342 319 434 38
420 353 494 432 Du
538 345 781 458 Nn‘ruat
817 355 1088 472 Deorum!

321 519 392 588 flue
407 492 483 562 nnn
503 499 628 580 poneret
648 501 762 580 tanea,
780 503 864 592 nnn(
877 503 970 579 forat,
987 505 1062 566 nnn
1082 508 1194 592 emec
1281 486 1283 492 ‘

318 593 352 698 li,
371 593 444 656 nihil
457 593 614 672 eminentis,
627 595 711 680 litque
723 617 803 680 pura,
815 597 895 677 levis,
914 601 1066 680 perlucida.
1104 601 1192 665 Dice-

319 713 382 754 mus
393 713 463 778 ergo
473 694 560 771 idem,
579 699 650 776 quod
663 698 692 758 i'n
706 699 817 760 Venere
829 697 908 757 Coa:
928 719 1029 779 corpus
1049 698 1121 761 illud
1133 718 1192 760 non

318 789 369 866 ed,
383 790 429 852 sed
442 790 531 854 fimile
543 790 667 873 corporis
677 814 686 864 ;
705 811 758 856 nec
768 792 818 854 ille
830 795 903 856 fusus
911 797 943 856 de
955 797 1075 854 candore
1087 794 1192 854 mixtus

316 885 412 974 mbae,
433 887 606 971 sanguinii,
636 889 682 950 sed
700 891 837 968 quaedam
857 890 995 972 sanguinis
1015 885 1188 964 fimilitudoe

316 979 355 1044 fic
373 979 403 1042 in
425 982 564 1062 Epicureo
589 987 654 1050 Deo
673 1005 738 1047 non,
756 1009 811 1063 res,
829 988 875 1049 sed
892 986 1084 1051 fimilitudines
1095 1008 1189 1050 rerum

315 1072 379 1139 elie.
417 1078 474 1140 Fac
486 1079 526 1158 id,
545 1083 617 1162 quod
634 1103 670 1144 ne
682 1083 806 1166 intelligi
818 1077 929 1166 quidem
940 1085 1038 1166 potest,
1052 1085 1123 1146 mihi
1134 1077 1189 1148 ede

300 1176 490 1258 persuasum:
510 1181 579 1244 cedo
594 1182 666 1243 mihi
684 1181 800 1244 illorum
818 1183 1047 1248 adumbratorum
1060 1181 1188 1244 Deorum

312 1263 482 1339 lineamenta
495 1293 577 1358 atque
590 1281 700 1344 formas.
712 1265 720 1376 l
740 1283 809 1361 Non
817 1283 891 1342 deest
904 1281 1033 1345 hocloco
1046 1279 1126 1360 copia
1135 1269 1189 1340 ra-

313 1377 433 1454 tionum,
453 1380 549 1459 quibus
561 1381 663 1449 docere
676 1379 780 1454 velitis,
798 1369 933 1442 humanas
944 1374 998 1438 elie
1010 1378 1114 1440 formas
1125 1377 1188 1438 De-

312 1499 395 1540 orum
410 1505 418 1538 :
437 1473 560 1560 primum
573 1480 650 1560 qudd
662 1477 702 1538 ita
714 1475 747 1538 lit
759 1477 936 1542 informatum
950 1474 1187 1556 anticipatumque

259 1567 262 1576 ’
312 1573 451 1638 mentibus
463 1573 572 1650 nolitis,
591 1592 623 1636 ut
639 1573 761 1650 homini,
779 1573 843 1636 cium
856 1575 892 1634 de
907 1571 971 1634 Deo
993 1573 1111 1654 cogitet,
1129 1570 1189 1630 for-

310 1663 367 1730 ma
379 1685 509 1732 occurrat
524 1669 663 1730 humana:
683 1668 796 1744 deinde,
815 1667 1008 1748 ut,'quoniam
1028 1668 1111 1730 rebus
1122 1687 1188 1726 om-

310 1765 393 1828 nibus
405 1765 526 1832 excellat
539 1784 637 1833 natura
649 1767 756 1844 divina,
768 1769 857 1828 forma
869 1786 973 1845 quoque
986 1761 1040 1824 elie
1054 1763 1199 1843 pulcher-m

224 1940 229 1949 Ι
308 1862 510 1936 rimadebeat;
528 1883 580 1930 nec
589 1861 772 1926 effebumana
784 1863 874 1924 ullam
886 1858 1086 1942 pulchriorem.
1107 1858 1185 1920 Ter-

309 1958 378 2022 tiam
389 1959 529 2034 rationem
540 1962 664 2038 adfertis,
683 1962 757 2042 quod
779 1960 860 2022 nulla
879 1959 910 2020 in
922 1957 978 2020 alia
991 1955 1079 2040 figura
1093 1956 1191 2019 domi„¹
1245 2003 1249 2010 .

190 2121 200 2140 ι
307 2049 407 2112 «flium
420 2053 519 2111 mentis
537 2053 591 2112 eise
611 2053 701 2130 poffit.
739 2055 867 2113 Primum
890 2053 976 2134 igitur
987 2055 1106 2133 quidque
1117 2074 1186 2115 con-

306 2145 457 2208 fidemus
468 2145 549 2226 quale
560 2145 609 2204 stt:
629 2143 757 2223 adripere
776 2147 851 2205 enim
874 2146 947 2206 mihi
959 2147 1097 2207 videmini
1106 2146 1183 2224 quali

307 2242 399 2306 vestro
408 2243 469 2326 jure
482 2263 542 2304 rem
553 2241 635 2304 nullo
648 2243 734 2302 modo
745 2239 929 2320 probabilem,
969 2241 1106 2306 Omnium
1123 2243 1183 2321 quis

307 2353 365 2400 tam
377 2361 474 2404 caecus
484 2340 517 2400 in
529 2337 750 2420 contemplandis
761 2337 845 2398 rebus
855 2357 985 2418 umquam
998 2335 1062 2413 fuit,
1084 2353 1182 2400 utnon

243 2483 246 2514 p
306 2440 414 2501 videret
426 2436 528 2516 species
540 2435 602 2496 istas
613 2433 762 2496 hominum
773 2435 898 2495 cordatas
909 2432 939 2496 in
954 2434 1032 2495 Deos
1044 2449 1091 2494 aut
1110 2453 1180 2494 con·

159 2573 165 2588 .
214 2581 217 2596 ,
305 2533 369 2595 filio
389 2533 511 2608 quodam
531 2530 695 2606 sapientum,
713 2549 770 2608 quo
791 2529 903 2592 facilitls
925 2530 1036 2590 animos
1047 2528 1181 2610 inpetito-

305 2626 417 2690 rumad
430 2624 557 2684 Deorum
569 2623 678 2682 cultum
691 2623 707 2681 i
720 2621 793 2683 vitae
814 2623 950 2700 pravitate
962 2640 1159 2683 converterent
1172 2646 1183 2696 ;

304 2739 356 2786 aut
376 2719 553 2802 superstione,
568 2717 604 2778 ut
625 2713 713 2778 ell'ent
737 2715 893 2790 simulacra,
911 2737 982 2794 quae
1007 2733 1179 2794 venerantes,

305 2817 384 2883 Deos
405 2817 477 2898 ipsos
495 2818 523 2878 se
547 2815 624 2884 adire
636 2817 799 2882 crederent?
836 2816 985 2878 Auxerunt
1003 2833 1095 2878 autem
1107 2818 1179 2884 haec

304 2919 404 2981 eadem
415 2931 525 2997 poetae,
543 2916 676 2996 pictores,
694 2915 825 2996 opifices:
845 2915 990 2982 eratenim
1003 2901 1061 2977 non
1082 2917 1179 2996 facile,

304 3015 413 3100 agentia
424 3011 529 3096 aliquid
541 3017 573 3078 dt
585 3013 729 3080 molientis
740 3014 818 3082 Deos
836 3015 867 3080 in
891 3014 1011 3082 aliarum
1022 3015 1176 3078 formarum

302 3113 458 3198 imitatione
472 3115 587 3179 servare.
625 3113 746 3180 Accedit
767 3114 849 3180 etiam
872 3115 921 3175 ilia
933 3112 1030 3194 opinio
1051 3114 1177 3204 fortalleg

306 3213 380 3294 quod
391 3209 500 3278 homini
511 3213 627 3282 homine
641 3213 786 3297 pulqltrius
797 3213 870 3274 nihil
893 3213 1025 3280 videatur.
1065 3216 1121 3276 Sed
1143 3233 1174 3279 tu

242 3289 253 3314 ⁸
305 3313 373 3385 hoc,
390 3311 512 3393 physice,
532 3313 699 3391 non,vides‚
730 3317 810 3395 quim
823 3314 925 3376 blanda
946 3313 1120 3398 conciliatrix
1139 3317 1174 3380 oe

182 3405 219 3505 'k
306 3407 379 3490 quast
401 3410 442 3470 sui
463 3409 496 3469 fit
516 3411 580 3472 lena
601 3422 721 3474 natural
759 3416 808 3474 An
829 3401 907 3494 puras
929 3413 1017 3474 ullam
1030 3413 1084 3476 elle
1097 3431 1173 3486 terra

233 3587 264 3616 a
307 3507 429 3590 marique
448 3508 571 3590 beluam,
589 3531 660 3594 quae
679 3533 737 3576 non
763 3511 801 3577 sui
820 3512 927 3599 generis
945 3512 1029 3574 belua
1041 3512 1172 3581 manime

992 3629 1173 3726 deledietut}
