2694 4428
348 577 545 659 respondebis?
565 597 633 656 quae
652 577 759 638 duobus
780 577 849 653 avis,
869 578 978 641 Sole&
991 581 1117 658 Oceano,
1136 579 1211 644 Ace-

350 699 379 741 ta
389 697 478 760 patre,
496 695 584 738 matre
598 677 677 758 Idyia
688 696 830 754 procreata
842 679 889 736 est.
905 743 906 748 η
923 680 1001 758 Qud
1013 681 1092 762 hujus
1107 682 1212 762 Absyr-

348 797 380 842 to
399 779 490 854 fratti,
508 778 554 858 qui
566 778 604 838 est
622 777 693 853 apud
706 777 855 836 Pacuvium
870 773 1041 858 Aegialleus?
1073 779 1117 840 sed
1139 780 1213 837 illud

348 901 450 940 nomen
472 897 593 938 veterum
617 873 705 934 literis
725 873 854 937 uhtatius.
895 878 954 958 Qti
977 877 997 936 fi
1019 877 1127 938 Dinon
1141 879 1217 951 sunt,

348 977 445 1039 vereor
457 975 521 1056 quid
534 979 596 1054 agat
608 973 661 1030 Ino
675 996 682 1028 ε
715 971 785 1030 haec
797 971 874 1032 enim
888 973 980 1032 omnia
993 996 1028 1034 ex
1041 977 1138 1034 eodem
1150 974 1221 1033 fon·¹
1330 999 1331 1026 1

345 1072 531 1132 refluxerunt.
569 1071 618 1127 An
643 1069 829 1145 Amphiaraus
849 1069 903 1130 erit
925 1071 1011 1144 Deus,
1029 1073 1060 1132 dc
1074 1071 1209 1148 Tropho-
1258 1038 1331 1299 dp

296 456 371 538 130
456 429 531 508 Ds
563 421 802 506 Narona
833 428 1090 518 Duorum·
1290 390 1328 716 q

345 1168 430 1228 nius?
468 1163 565 1226 Nostri
587 1162 695 1244 quidem
721 1165 874 1244 publicani,
909 1187 974 1226 cum
998 1165 1083 1228 client
1104 1167 1164 1249 agri
1183 1167 1214 1227 in

344 1265 460 1327 Boeotia
469 1264 593 1323 Deorum
609 1261 800 1323 inmortalium
812 1263 922 1344 excepti
935 1265 997 1347 lege
1009 1267 1143 1340 censoria,
1164 1287 1216 1325 ne·
1327 1302 1330 1313 ·

346 1363 448 1446 gabant
458 1359 618 1420 inmortales
630 1358 683 1418 elle
697 1359 782 1434 ullos,
801 1360 847 1439 qui
868 1361 1015 1441 aliquando
1031 1362 1159 1422 homines
1172 1361 1216 1420 fu-
1326 1356 1329 1421 l

344 1462 433 1526 issent.
472 1463 527 1521 Se'd
548 1459 641 1522 fisunt
659 1461 762 1534 hiDi;
795 1462 922 1524 elicerte
937 1464 1121 1536 Erechtheus,
1139 1462 1216 1542 cujus
1250 1511 1256 1522 .

285 1559 288 1566 ’
344 1555 671 1621 Athenis&delubrum
685 1558 851 1622 vidimus&
866 1562 1045 1623 sacerdotem.
1084 1558 1212 1640 Quemst

344 1655 438 1718 Deum
450 1655 585 1728 facimos;
608 1656 674 1735 quid
688 1675 735 1717 aut
755 1659 789 1718 de
801 1657 898 1718 Codro
919 1658 1046 1719 dubitare
1069 1657 1241 1737 possumus·

344 1773 392 1816 aut
411 1755 565 1828 decoreris,
597 1741 645 1834 qui
659 1775 810 1838 pugnantes
822 1779 873 1838 pro
885 1756 990 1837 patriae
1002 1756 1131 1818 libertate
1142 1757 1215 1818 ceci·
1326 1751 1328 1796 ³

343 1853 463 1913 derunt?
501 1851 627 1933 Quodsi
651 1855 795 1932 probabile
822 1877 880 1916 non
898 1856 953 1928 ell3
983 1871 1019 1916 ne
1035 1849 1213 1934 illaflquidem'
1326 1871 1328 1882 ²

345 1949 492 2027 superiora,
512 1951 669 2012 undehaec
692 1957 815 2026 manant,
832 1951 991 2032 probanda
1015 1952 1086 2012 sunt.
1126 1950 1215 2030 Atqui

344 2040 373 2102 in
385 2044 519 2122 plerisque
530 2045 688 2108 civitatibus
700 2047 822 2130 intelligi
834 2049 933 2132 potest,
953 2049 1093 2131 augendae
1102 2047 1214 2108 virtutis

343 2140 442 2223 gratia,
463 2163 516 2222 quo
527 2143 660 2206 libentius
669 2143 839 2224 reipublicae
852 2145 940 2208 caussa
954 2147 1110 2224 periculum
1125 2148 1213 2210 adiret
1324 2165 1328 2192 ‘=

294 2266 297 2275 ·
342 2253 469 2318 optumus
479 2239 610 2321 quisque,
641 2241 763 2303 viro'rum
789 2239 905 2300 fortium
927 2239 1089 2300 memoriam
1103 2227 1213 2304 honore

343 2341 469 2403 Deorum
494 2339 684 2402 inmortalium
707 2340 902 2402 consecratam.
938 2338 987 2399 Ob
1006 2341 1155 2402 eamenim
1170 2341 1213 2422 ip.
1327 2395 1328 2398 ,

342 2439 397 2499 sam
411 2438 528 2500 caussam
543 2441 717 2502 Erechtheus
729 2437 850 2498 Athenis
860 2435 988 2516 filiaeque
1001 2441 1060 2520 ejus
1072 2438 1102 2498 in
1114 2460 1212 2504 nume.

339 2557 373 2597 ro
400 2537 523 2598 Deorum
546 2539 613 2596 sunt.
651 2535 772 2614 Itemque
794 2535 980 2594 Leonaticum
1007 2537 1046 2598 est
1065 2536 1212 2611 delubrum
1328 2591 1329 2618 ,

340 2637 472 2710 Athenis,
501 2636 573 2712 quod
600 2634 767 2694 Leoeoreon
793 2630 960 2690 nominatur.
1000 2635 1213 2696 Alabandenses
1325 2619 1331 2740 q

340 2735 451 2815 quidem
465 2732 583 2794 sanutus
596 2727 776 2792 Alabandum
788 2726 893 2801 colunt,
926 2731 941 2788 d
963 2750 1018 2806 quo
1031 2731 1071 2790 est
1084 2733 1147 2793 urbs
1161 2733 1213 2794 illa
1232 2719 1238 2738 ‘⁴

339 2835 461 2907 condita,
473 2833 552 2910 quim
566 2849 726 2910 quemquam
737 2825 876 2886 nobilium
889 2824 1033 2886 Deorum:
1053 2829 1128 2906 apud
1137 2850 1210 2908 quos
1328 2885 1329 2888 ,

340 2949 397 2990 non
426 2927 558 2992 inurbani
584 2926 766 3000 Stratonicus,
794 2942 824 2987 ut
850 2924 950 3002 multa,
969 2925 1034 2986 etim
1056 2925 1167 3005 quidam
1181 2931 1210 2990 ei

338 3030 470 3090 molestus
482 3027 661 3089 Alabandum
672 3025 764 3086 Deum
774 3022 828 3084 esse
840 3022 1029 3099 confirmaret,
1051 3025 1208 3088 Herculem

337 3135 468 3209 negaret:
492 3137 564 3204 Ergo,
590 3125 752 3202 inquinarn'hr'
767 3123 918 3196 Alabandus,
931 3125 981 3182 risi
995 3125 1103 3182 Hercules
1107 3127 1209 3204 strim-

281 3243 317 3284 20
337 3241 382 3284 tus.
422 3224 478 3284 Illa
497 3241 602 3298 autem,
622 3223 719 3300 Balbe,
742 3241 811 3302 quae
832 3235 863 3278 tu
885 3221 900 3278 al
921 3221 1001 3282 caelo
1016 3222 1146 3302 astrisque
1159 3225 1212 3282 du-

337 3323 429 3393 cebas,
450 3324 529 3400 qua'rn
543 3322 626 3406 longe
640 3324 756 3402 serpant,
775 3340 835 3382 nou
855 3322 953 3382 vides?
991 3321 1087 3380 Solem
1113 3321 1227 3388 Deum'

335 3421 398 3494 ede,
418 3419 590 3499 Lunamque,
609 3443 727 3500 quorum
748 3420 867 3482 alterum
899 3419 1066 3502 Apollinem
1095 3421 1209 3495 Graeci,

335 3519 451 3578 alteram
464 3515 584 3579 Dianam
597 3535 700 3598 putant.
739 3517 963 3598 QuodstLuna,
976 3515 1039 3577 Dea
1053 3516 1109 3576 eli:
1138 3536 1208 3596 ergo

332 3615 416 3677 etiam
434 3609 555 3689 ,Lucifer
576 3633 734 3696 ceteraeque
759 3633 884 3684 errantes
905 3636 1051 3677 numerum
1074 3611 1204 3673 Deorum

1026 3705 1211 3771 obtinebunt²
