2676 4368
404 345 606 428 ,Linou
646 343 699 426 Π.
751 402 788 414 ·-
864 409 893 440 ,.
981 347 1092 498 ὤμ’

103 543 107 554 .
121 495 345 580 &,lssiam,quam
359 502 493 579 sequatur.
508 569 512 579 r
532 497 618 578 ipsus
629 496 695 558 verb
708 495 813 572 mundi,
840 495 887 575 qui
908 517 969 558 om·
1066 576 1070 582 ἱ

118 595 155 656 nia
165 602 310 680 complexu
324 599 371 660 suo
383 615 494 661 coercet
505 599 536 659 dt
548 595 685 669 continet,
714 613 809 656 natura
831 614 887 656 non
902 598 975 656 arti-¹

114 690 196 755 ficiosa
208 699 308 773 stilum,
320 700 364 759 sed
378 687 458 776 plan‘e
465 695 562 756 artifex
578 695 614 756 ab
627 697 726 756 eodem
736 697 847 754 Zenone
858 693 973 772 dicitur,

109 794 250 862 consultrix
264 790 295 860 st
309 797 423 877 provida
436 797 585 862 utilitatum
606 794 977 880 opportunitatumque'om-'¹

106 881 191 952 nium.⁴
227 896 320 975 Atque
334 913 365 957 ut
376 913 483 958 ceterae
495 909 609 977 naturae
623 893 672 956 suis
686 891 834 955 seminibus
847 899 978 972 qtraeque'

105 984 261 1068 gignuntur,
269 985 427 1073 augescunt,
433 991 625 1070 ¹continentur:
646 988 682 1050 stc
694 1006 789 1050 natura
799 988 963 1064 mundium-

62 1129 66 1138 -
103 1106 147 1148 nes
159 1107 251 1152 motus
264 1091 349 1152 habet
362 1090 551 1162 voluntari0s;
577 1081 748 1166 conatusque,
766 1090 797 1152 dt
816 1087 963 1167 appetitio-
1054 1159 1056 1162 Ι

102 1205 157 1261 nes,
168 1209 233 1268 quas
245 1191 306 1274 ’.ρμ
314 1195 351 1260 a,
363 1187 466 1264 Graeci
479 1204 588 1264 vocant,
596 1187 628 1248 dt
640 1185 684 1246 his
695 1186 883 1246 consentaneas
891 1186 962 1246 aeti-

100 1289 165 1346 ones
183 1287 220 1351 ste
233 1289 360 1363 adhibet,
379 1304 411 1358 ut
423 1285 587 1366 nosmetipsi,
606 1285 653 1364 qui
664 1283 915 1368 animislmovemur
926 1285 959 1345 δε

98 1384 225 1444 sensibus
264 1385 347 1446 Talis
360 1377 442 1468 igitur
454 1405 530 1444 mens
542 1383 638 1444 mundi
650 1383 717 1443 clun
731 1380 773 1455 lit,
790 1381 828 1439 ob
847 1401 959 1460 eamque

96 1479 218 1541 caussam
229 1483 272 1543 vel
282 1483 425 1562 piudentia
434 1483 478 1544 vel
489 1482 661 1562 providentia
671 1479 806 1560 appellari
814 1476 888 1538 resse
896 1477 959 1558 pos-

95 1573 139 1650 sit,
152 1578 274 1652 (Graece
285 1581 360 1640 enirn
382 1584 498 1663 opsnatu
511 1563 879 1656 dicitur)haecpotisfiml1m
892 1595 970 1653 pro-.

94 1673 181 1748 videt,
201 1678 233 1736 δε
246 1675 274 1736 in
287 1677 330 1738 his
343 1678 471 1739 maxume
486 1679 524 1758 esi
537 1695 680 1759 occupata,
699 1675 820 1756 primum
832 1692 863 1735 ut
876 1685 957 1734 mun-

93 1773 142 1834 dus
154 1777 236 1852 qutm
244 1775 391 1856 aptissimus
399 1777 432 1837 su
440 1781 475 1837 ad
487 1779 700 1858 permanendum
713 1797 722 1847 ;
738 1774 838 1834 deinde
849 1789 879 1834 ut
891 1772 956 1832 nul·
970 1775 973 1784 ‘

92 1870 122 1930 la
136 1893 165 1944 re
177 1889 273 1954 egeat:
295 1871 424 1935 maxume
432 1892 524 1936 autem
536 1891 568 1934 ut
580 1875 609 1934 in
621 1895 656 1936 eo
665 1869 765 1932 eximia
773 1869 953 1948 pulchritudo

92 1963 127 2025 stt
135 1983 218 2046 atque
230 1967 320 2028 omnis
328 1987 448 2056 ornatus.
469 1969 587 2030 Dissum
597 1971 680 2031 estde
693 1964 818 2030 universo
830 1967 949 2026 mundo:
971 1981 1006 2050 23
1081 1981 1085 1988 “

90 2061 200 2126 dietum
212 2063 296 2128 etiam
308 2065 348 2126 ess
365 2067 400 2126 de
413 2065 559 2130 fideribus:
579 2084 611 2126 ut
617 2068 674 2148 jam
685 2063 884 2143 propemodum
902 2085 950 2144 ap·
988 2057 989 2062 ¹

90 2180 186 2240 pareat
197 2160 348 2226 multitudo
361 2184 411 2224 nec
422 2163 578 2228 cessantium
590 2163 728 2239 Deorum,
753 2185 804 2226 nec
821 2184 865 2235 ea,
882 2185 952 2240 quae

92 2276 185 2344 agant,
199 2257 375 2322 molientium
387 2282 452 2322 cum
461 2261 557 2320 labore
568 2261 684 2338 operoso
695 2279 728 2316 ac
740 2259 864 2318 molesto.
884 2259 954 2318 Non
969 2269 971 2275 '

89 2359 166 2418 enim
180 2357 268 2430 venis,
286 2357 433 2428 demersis,
451 2357 483 2416 dt
493 2353 593 2416 ossibus
604 2353 790 2428 continentur,
807 2375 859 2414 nec
870 2354 915 2411 his
927 2373 955 2413 e·

90 2451 143 2519 scis
155 2468 203 2510 aut
221 2449 382 2528 potionibus
394 2449 548 2520 vescuntur,
567 2462 598 2528 ut
609 2463 656 2506 aut
667 2445 750 2508 nimis
762 2469 836 2509 acres
853 2465 898 2511 aut
909 2446 954 2509 ni-

93 2549 148 2614 mis
166 2561 313 2610 concretos
329 2547 459 2607 humores
477 2533 629 2628 colligant:
657 2568 709 2608 nec
730 2545 773 2609 his
791 2548 953 2628 corporibus

90 2651 164 2725 sunt,
184 2663 216 2706 ut
228 2645 359 2720 autcasus
372 2661 419 2704 aut
431 2643 502 2704 ictus
514 2645 702 2720 extimescant,
711 2664 758 2708 aut
770 2633 882 2708 morbos
894 2669 952 2708 me·

88 2765 166 2816 mant
177 2769 213 2809 ex
224 2743 421 2828 defatigatione
435 2727 630 2807 membrorum.
651 2751 730 2830 Qtae
743 2739 838 2811 veiens
850 2745 952 2829 Epicu-

90 2867 148 2920 rus,
167 2865 394 2928 monogrammos
406 2847 494 2922 Deos,
512 2849 543 2910 ὃς
562 2845 634 2908 nihil
654 2864 764 2928 agentes
781 2839 953 2930 commentus

89 2945 138 3005 est.
178 2945 229 3003 Illi
248 2961 342 3004 autern
360 2925 547 3023 pulcherrima
558 2947 651 3033 lorma
660 2945 785 3024 praediti,
804 2937 965 3030 puriffima-'

31 3057 37 3068 '
88 3064 144 3126 que
162 3043 192 3102 in
210 3044 325 3126 regione
346 3042 416 3107 caeli
434 3037 585 3120 conlocati,
604 3045 642 3104 ita
654 3043 789 3119 seruntur,
809 3041 966 3124 moderan-¹

88 3159 187 3222 curque
205 3144 307 3217 cursio,
326 3159 356 3226 pt
372 3147 407 3206 ad
426 3146 519 3208 omnia
531 3145 714 3221 conservanda
728 3147 759 3216 ὅς
772 3146 873 3206 tuenda
888 3165 954 3203 con-

89 3235 196 3301 sensisse
210 3238 364 3310 videantur.
393 3241 504 3303 Multae
518 3257 610 3306 autem
624 3241 695 3306 aliae
708 3234 955 3318 naturaeDeorum

90 3360 125 3405 ex
136 3336 245 3420 magnis
254 3315 395 3396 benificiis
407 3359 503 3398 eorum
512 3359 568 3396 non
582 3337 637 3398 stne
649 3337 808 3414 causasti
821 3338 955 3399 Graeciae

90 3433 333 3518 sapientissimis&
353 3437 369 3493 ὲ
380 3433 528 3516 majoribus
545 3435 645 3496 nostris
656 3436 819 3524 constitutae
833 3425 976 3498 nominass

91 3553 188 3618 tueque
203 3535 274 3600 sunt.
317 3534 454 3618 Qicquid
467 3537 540 3598 enim
554 3557 682 3618 magnam
701 3535 849 3598 utilitatem
863 3533 959 3619 generi

532 3635 592 3720 E3
669 3687 674 3696 .
901 3633 1021 3700 atterrat
1092 3673 1099 3684 ·
