2698 4444
423 379 740 470 Ltnnall.

109 537 179 602 tium
191 533 364 611 altitudines,
388 499 623 620 inmensttatesque
634 529 812 622 otmpotum·
841 505 911 604 adde
923 544 974 605 eti-

115 631 180 696 tiam
182 635 351 696 reconditas
363 633 426 694 auri
435 633 593 718 argentique
606 657 699 712 venas,
718 635 945 717 infinitamque'
919 661 976 702 tum
999 711 1001 715 ,

112 734 268 794 marmotis
307 735 388 814 Qtae
401 732 520 808 verd,&
537 757 614 844 quam
626 735 703 797 varia
715 755 817 822 genera
830 735 978 800 bestiarum

108 829 154 888 vel
176 829 305 890 cicurum
326 828 370 890 vei
390 827 531 890 ferarum²
559 831 608 910 qui
628 832 774 894 volucrum
795 833 884 914 lapsus
900 853 978 918 atque

107 935 229 986 cantus?
257 925 306 1006 qui
327 927 463 1006 pecudum
486 927 596 1007 pastus?
625 949 692 1005 quae
714 929 770 992 vita
793 930 977 994 lilveliriunr?

107 1019 187 1102 Qtid
196 1022 255 1103 jam
267 1025 302 1084 de
315 1023 460 1085 hominurn
472 1046 572 1106 genere
583 1023 692 1086 dicam?
714 1027 842 1108 qui'quast
854 1031 974 1092 cultores
1034 1036 1037 1074 ⁵

107 1130 200 1180 tetrae
209 1120 362 1197 constituti,
370 1144 427 1184 non
436 1123 572 1202 patiuntur
581 1142 642 1182 eam
651 1142 702 1182 nec
711 1123 870 1187 inmanitate
879 1127 976 1202 belua-

106 1235 169 1278 tum
192 1214 314 1294 :librat-i,
335 1240 388 1280 nec
400 1219 523 1300 stirpium
545 1220 688 1300 asperitate
711 1221 824 1284 vastari:
844 1245 975 1304 quorum-

103 1331 159 1390 que
173 1313 305 1392 operibus
317 1315 387 1397 agri,
405 1317 520 1391 insulae,
531 1315 667 1397 litoraque
679 1317 838 1393 conlucent,
847 1319 974 1380 dillindta

104 1409 192 1469 tediis
204 1414 236 1472 de
248 1411 367 1476 urbibus.
405 1417 486 1496 Quae
504 1414 524 1475 li
545 1431 576 1479 ut
593 1415 693 1476 animis
715 1413 752 1476 stc
773 1416 860 1478 oculis
881 1416 977 1478 videre

105 1497 262 1586 policornu
281 1531 363 1573 nemo
374 1514 502 1574 cundram
521 1512 628 1576 intuens
639 1529 753 1588 tetram,
771 1515 808 1574 de
828 1514 921 1576 divina
933 1538 977 1577 ra-

106 1603 189 1665 tione
202 1605 349 1671 dubitaret.
387 1611 428 1669 At
438 1609 505 1672 ve'rd
517 1625 615 1688 quanta
628 1611 760 1670 matiseli
777 1609 976 1690 pulchritudo?
1046 1683 1049 1690 ‚

107 1724 181 1784 quae
196 1705 296 1786 species
312 1707 451 1771 universi?
470 1729 540 1788 quae
552 1708 703 1790 multitudo
716 1711 740 1770 dt
752 1708 867 1770 varietas
878 1710 978 1772 insula-

105 1810 196 1862 rum?
215 1824 283 1883 quae
295 1804 477 1866 amoenitates
488 1824 600 1864 orarum
617 1807 648 1866 δι
662 1803 799 1864 litorum?
819 1821 883 1884 quot
894 1825 978 1887 gene·
1047 1827 1050 1834 ’

106 1921 139 1960 ta
164 1903 303 1980 quamque
325 1900 443 1980 disparia
463 1899 564 1980 partim
587 1901 795 1977 submerfarum‚
813 1901 910 1982 partim
924 1902 979 1964 flu-

104 1995 241 2058 itantium
254 2001 286 2060 ὃς
299 1997 454 2059 innantium
467 1997 621 2074 beluarum,
640 1994 740 2078 partim
752 1998 787 2057 ad
801 1999 863 2059 saxa
875 1999 976 2064 nativis

106 2093 188 2154 tellis
199 2093 424 2157 inhaerentium?
461 2094 553 2174 Ipsum
565 2109 654 2156 autetn
668 2113 743 2155 mare
755 2093 793 2156 fic
805 2109 906 2156 tetram
925 2117 975 2176 ap-

104 2209 205 2272 petens
215 2193 344 2255 litoribus
354 2194 474 2272 adludit,
482 2211 513 2254 ut
524 2213 579 2254 una
591 2207 626 2254 ex
639 2193 746 2252 duabus
757 2193 862 2252 naturis
870 2193 976 2252 conlia-

104 2307 133 2352 ta
147 2293 286 2355 videatur.
324 2293 399 2352 Exin
411 2293 483 2352 mari
504 2290 641 2353 finitimus
663 2295 719 2361 adr,
737 2289 827 2348 dle'&
838 2289 920 2348 nodie
933 2289 977 2348 di-

897 442 900 450 ’
984 393 1041 502 852

106 2389 274 2472 stinguimr:
295 2389 365 2466 isque
377 2387 563 2446 tumfusus&
575 2400 736 2446 extenuatus
749 2381 866 2444 sublime
876 2384 962 2446 fertur
968 2406 979 2458 ;
1035 2411 1039 2418 ·

105 2505 172 2548 tunt
184 2499 282 2546 'autent
292 2499 438 2545 concretus
447 2480 476 2542 in
484 2481 570 2543 nubes
578 2482 698 2564 cogitur,
707 2480 900 2560 humoremque
911 2501 979 2543 con-

106 2587 203 2670 ligens
216 2601 318 2646 tetram
330 2598 412 2666 auget
424 2579 558 2643 imbribus
568 2603 577 2654 ;
589 2598 646 2643 tum
658 2580 772 2642 effluens
784 2581 840 2642 huc
851 2581 883 2643 δε
895 2579 977 2657 illuc,

108 2700 210 2748 ventos
223 2681 332 2744 efficit
363 2681 441 2740 idem
454 2699 557 2740 annuas
567 2677 704 2762 frigorum
716 2681 747 2742 dt
767 2677 892 2740 calorum
910 2677 980 2739 facit

109 2783 273 2844 varietates:
293 2778 421 2854 idemque
434 2777 466 2838 dt
479 2774 588 2838 volatus
599 2775 699 2836 alitum
712 2774 829 2850 sustinet,
846 2776 879 2836 dt
897 2773 977 2854 spiri·

109 2894 141 2938 tu
155 2877 254 2938 dudius
266 2873 361 2936 alit&
374 2873 502 2933 sustentat
514 2871 674 2932 animantes.
694 2871 792 2932 Restat
804 2869 929 2945 ultimus,
946 2873 979 2934 δι’

108 2979 124 3037 d
140 2973 293 3036 domiciliis
314 2970 414 3034 noliria
431 2969 585 3044 altisfimus,
612 2967 707 3029 omnia
726 2970 840 3050 cingens
857 2971 888 3031 δι
900 2989 978 3055 coer·
1047 3019 1053 3032 .

110 3093 180 3136 cens
188 3071 259 3132 caeli
271 3071 446 3149 complexus,
457 3068 504 3150 qui
516 3067 590 3128 idern
603 3068 700 3131 aether
711 3085 837 3138 vocatur,
856 3083 978 3129 extrema

80 3181 82 3187 '
110 3179 162 3232 dra
175 3170 207 3229 dt
228 3164 423 3229 determinatio
442 3166 554 3229 ntundit
584 3165 678 3246 inquo
691 3185 754 3226 cum
766 3161 979 3227 admirabilitate

110 3283 242 3326 maxuma
264 3261 360 3346 igtteae
378 3261 483 3321 formae
496 3264 590 3323 curlus
611 3260 752 3322 ordinatos
771 3257 914 3322 deliniunt.
952 3263 979 3324 E

996 2891 1035 2950 40

110 3365 212 3446 quibus
224 3362 278 3435 sol,
286 3362 363 3442 cujus
376 3358 567 3442 magnitudine
576 3359 670 3424 multia
682 3357 803 3437 partibus
815 3373 888 3419 tetta
901 3361 979 3441 supe·
996 3421 1005 3426 ,

111 3477 200 3537 tatur,
218 3458 400 3520 circumeam
414 3458 498 3549 ipsam
512 3458 651 3520 volvitur:
672 3456 743 3536 isque
754 3453 846 3514 oriens
857 3457 889 3518 dt
902 3457 980 3518 occi.

32 3551 35 3558 ’
113 3559 184 3620 dent
195 3557 270 3621 diem
285 3557 450 3638 noetentque
462 3557 594 3643 confinita
614 3559 645 3620 dt
659 3553 899 3632 moddaccedent,
917 3573 976 3617 turn

549 3653 576 3715 F
597 3673 611 3736 3
955 3661 1050 3709 autem
