2698 4444
317 419 392 476 100
480 392 548 490 Da
577 383 818 474 Natura
847 390 1082 468 Dronun

369 545 495 628 quasdam
508 543 523 602 l
537 539 630 602 medio
642 539 769 600 intestino
791 539 872 618 ufipue
893 542 928 600 ad
946 523 1036 619 portas
1054 541 1151 624 jecoris
1168 527 1227 616 <ik

311 631 315 640 ¹
369 645 443 706 enim
456 641 616 722 appellant)
628 639 721 700 ductas
742 641 773 698 &
795 638 914 697 directas
926 638 993 714 vias,
1011 663 1078 718 quae
1090 639 1226 720 pertinent

366 745 404 802 ad
413 743 490 824 jecur
502 737 582 818 eique
601 727 758 798 adhaerent.
798 737 892 814 Atque
905 737 968 797 inde
982 737 1050 798 aliae
1062 737 1228 817 pertinentes

264 851 270 878 ¹
368 841 440 912 sunt,
453 857 502 918 pet
513 857 579 916 quas
590 834 663 895 cadit
674 833 752 892 cibus
763 834 778 890 ἔ
787 834 880 914 jecore
892 835 1024 914 delapsus.
1066 836 1108 895 Ab
1116 857 1149 896 eo
1160 833 1229 894 cibe

367 939 433 999 clim
444 937 482 998 est
495 935 594 996 secreta
606 929 681 1006 bilis,
694 931 768 1010 iique
782 933 922 1007 humores,
934 934 982 1013 qui
994 955 1030 994 ex
1047 935 1151 996 renibus
1163 954 1226 1012 pro·

288 1049 290 1056 '
366 1035 538 1104 firnduntur3
557 1031 664 1110 reliqua
678 1029 703 1088 se
716 1027 745 1088 in
760 1029 921 1111 sanguinem
932 1047 1049 1107 uertunt,
1062 1035 1095 1092 ad
1108 1031 1228 1092 easdem-

366 1153 420 1216 que
428 1149 520 1212 portas
529 1129 628 1213 jecoris
637 1127 793 1202 confluunt,
802 1129 837 1187 arl
850 1147 914 1208 quas
925 1150 1020 1190 ornnes
1032 1132 1088 1213 ejus
1099 1130 1159 1192 viae
1168 1149 1229 1207 per-

367 1231 465 1292 tinent.
503 1229 556 1290 Per
568 1249 633 1307 quas
646 1226 822 1306 lapsuscibus
834 1225 863 1286 in
885 1229 942 1286 hoc
960 1225 1019 1305 ipso
1039 1228 1104 1288 loco
1126 1228 1155 1287 in
1167 1247 1229 1286 cam·

368 1351 478 1405 varam,
496 1349 567 1409 quae
580 1349 646 1389 cava
666 1327 831 1407 appellatur,
849 1326 1037 1403 confunditur,
1056 1347 1158 1407 perque
1169 1347 1232 1386 eam

367 1430 404 1492 ad
416 1449 466 1488 cor
478 1425 618 1488 consceres
628 1425 684 1506 jam
702 1419 848 1500 coetusque
862 1422 1036 1501 perlabiturr
1055 1421 1167 1484 a‘corde
1183 1441 1229 1481 au-

366 1539 424 1586 tem
447 1523 477 1584 in
499 1540 586 1584 toturn
610 1539 711 1601 corpus
732 1519 905 1580 distribuitur
928 1541 1071 1599 per-renas
1083 1521 1234 1580 admodum

367 1622 478 1696 multas,
491 1619 520 1681 ln
532 1641 629 1680 omnes
640 1636 731 1700 partes
742 1619 866 1698 corporis
879 1620 1052 1699 pertinentes.
1092 1620 1230 1700 Qremarl-

367 1721 483 1783 modum
506 1735 594 1780 autem
613 1715 744 1797 reliquiae
763 1715 820 1776 cni
834 1717 1017 1796 depellantur,
1035 1735 1096 1779 turn
1118 1715 1231 1778 adstrina

364 1820 494 1904 gentibus
506 1817 533 1878 se
546 1814 688 1892 intellinis,
706 1832 765 1875 tum
784 1815 981 1894 relaxantibus,
999 1819 1071 1879 haud
1099 1817 1160 1878 sane
1179 1815 1233 1874 dil-

367 1913 444 1974 ficile
457 1916 533 1976 dictu
545 1915 603 1974 est:
622 1914 668 1974 sed
689 1930 781 1974 tamen
803 1915 1028 1993 praetereundum
1047 1915 1101 1989 etr,
1118 1911 1232 1992 nequid

365 2007 467 2068 lrabeat
480 2008 685 2088 injucunditatis
696 2009 794 2070 oratio.
834 2011 890 2070 Illa
909 2011 1002 2088 potius
1020 2011 1175 2089 explicetur
1189 2010 1231 2069 in-

347 2103 505 2168 credibilis
516 2099 619 2185 {abrica
626 2117 747 2162 naturae.
792 2107 867 2163 Nam
887 2127 955 2183 quae
969 2107 1062 2185 spiritu
1072 2105 1105 2166 in
1118 2107 1233 2186 pulmo-

366 2225 415 2268 nes
426 2203 517 2266 anima
529 2199 647 2272 ducitur,
666 2217 699 2259 ea
711 2197 821 2260 calescit
841 2199 961 2280 primurn
983 2201 1041 2280 ipso
1064 2204 1101 2261 ab
1128 2201 1237 2282 spiritu,

367 2305 468 2367 deinde
485 2297 668 2384 coagitarione
677 2298 857 2378 pulmonum:
886 2321 920 2361 ex
934 2321 1016 2386 eaque
1030 2324 1092 2382 pars
1104 2303 1234 2365 redditur

366 2403 537 2484 respirando,
555 2419 617 2479 pars
628 2397 783 2478 concipitur
803 2397 894 2460 cordis
915 2418 990 2479 parte
1002 2405 1132 2481 quadarn,
1150 2425 1234 2484 quarn

362 2497 553 2561 ventriculum
565 2494 656 2554 cordis
664 2496 819 2572 appellant:
837 2495 883 2556 cui
896 2497 965 2558 fimil
970 2497 991 2558 is
1006 2500 1077 2562 alter
1090 2503 1238 2585 adjuntnrs

261 2609 268 2622 ·
368 2597 421 2671 est,
440 2593 469 2653 in
481 2611 560 2670 quem
574 2589 680 2669 sanguis
691 2589 707 2648 a
715 2592 808 2670 jecore
821 2615 870 2671 per
883 2617 979 2656 vertant
989 2597 1067 2658 illam
1078 2622 1175 2662 cavam
1191 2602 1233 2661 in⁴

353 2691 436 2787 'fluit
474 2690 568 2768 quue
582 2689 714 2750 modoet
728 2689 906 2770 hispanibus
928 2697 958 2755 &
980 2697 1088 2779 sanguis
1111 2721 1162 2780 per
1182 2722 1231 2761 ve,

365 2811 414 2850 nas
426 2787 455 2848 in
468 2809 549 2848 omne
563 2808 661 2872 corpus
678 2787 848 2865 diffunditur,
876 2793 907 2854 δε
921 2791 1029 2872 spiritus
1048 2817 1099 2873 per
1111 2798 1231 2858 arterias.

366 2887 508 2966 Uti-aeque
520 2902 612 2946 autem
624 2886 736 2946 crebrae
756 2887 911 2968 multaeque
930 2906 990 2950 toto
1009 2911 1128 2971 corpore
1141 2895 1230 2956 inter·
1267 2888 1270 2922 ²

365 3000 420 3059 tae,
433 2983 496 3059 ‚vim
508 2985 646 3064 quandam
659 2983 852 3046 incredibilem
865 2985 1004 3049 artificiosi
1018 2990 1110 3070 operis
1129 2993 1231 3053 divini«

366 3091 420 3164 que
429 3085 568 3145 testantur.
607 3073 683 3163 Qtid
696 3081 786 3145 dicam
808 3087 843 3146 de
868 3085 984 3149 affibust
1016 3109 1088 3168 quae
1111 3092 1231 3173 subjeela

367 3181 479 3260 corpori
492 3183 633 3245 mirabiles
644 3180 831 3244 eommiffuras
843 3181 957 3258 habent,
981 3186 1013 3246 &
1037 3187 1082 3256 ad„
1097 3187 1230 3260 stabilita·
1313 3175 1317 3187 ’

325 3275 326 3278 “
364 3297 421 3342 tens
441 3298 527 3360 aptas,
554 3285 586 3343 &
600 3283 635 3342 ad
649 3298 721 3344 artus
742 3278 881 3348 liniendos-
896 3285 1131 3357 accommodatas,
1149 3289 1182 3348 ἃ
1194 3289 1230 3348 aa

263 3431 269 3442 ,
365 3393 481 3451 motum,
499 3379 579 3437 &ad
600 3399 711 3438 ornnem
736 3376 861 3455 corporis
881 3379 1027 3440 talionem.
1067 3383 1136 3443 Huc
1158 3386 1232 3445 adde

365 3497 465 3540 nervos
476 3478 491 3536 l
503 3475 600 3554 quibus
612 3493 688 3538 artus
707 3475 895 3555 continentur,
914 3500 1063 3558 eorumque
1086 3479 1228 3559 inplicati⁴

363 3597 445 3641 onem
465 3595 580 3654 corpore
600 3591 660 3638 toto
684 3573 891 3655 pertinentem:
917 3577 974 3659 qui,
1003 3576 1071 3639 sicut
1087 3598 1173 3638 venae
1195 3582 1229 3640 Bt

1101 3673 1233 3750 amesiae,
