2698 4444
465 342 643 422 Ltaau
685 341 735 452 II.
828 315 830 332 ¹
973 371 1058 428 x101

147 488 274 568 arteriae,
294 494 403 554 lcorrle
415 493 496 555 trafiti
508 497 539 556 δι
551 495 680 572 profesti,
699 496 728 556 in
740 515 838 576 corpus
856 517 939 558 omne
951 497 1003 558 du·

142 593 249 647 contus.
286 591 334 648 Ad
348 591 420 652 hanc
432 592 634 670 providentiam
646 611 758 654 naturae
771 611 827 654 tam
839 593 1001 676 diligentem
1023 600 1059 678 56

142 697 254 760 tamque
266 685 406 748 bllertem
419 689 531 772 adjungi
543 688 632 749 multa
645 686 799 767 possunt3e
813 688 905 767 quibus
918 690 1001 750 intel-

139 779 258 862 ligatur,
276 804 391 862 quantae
404 811 447 849 res
460 789 647 850 hominibusi
660 789 724 850 Deo
736 808 871 868 quamque
882 789 1001 851 eximiae

63 893 70 906 “
135 876 258 942 tributae
271 879 331 943 lint.
372 884 563 967 Qaiprimt‘am
585 905 632 944 eos
652 885 741 945 humo
753 884 896 960 excitatos,
914 889 1002 950 celsos

137 977 172 1036 &
185 979 278 1039 sessos
289 981 439 1056 constituit,
467 1001 498 1042 ut
518 983 644 1044 Deorum
663 982 861 1064 cognitionem,
892 986 1001 1046 caelum

137 1073 291 1153 intuentes,
309 1103 406 1160 capere
426 1081 538 1162 possent.
577 1086 647 1142 Sunt
666 1084 740 1143 enim
752 1084 768 1144 ὲ
781 1101 853 1146 terra
875 1087 1002 1151 homines

135 1167 243 1238 nonus
267 1180 376 1241 incolae
399 1201 478 1262 atque
497 1182 677 1256 habitatores,
695 1183 741 1243 sed
753 1183 825 1261 quast
839 1184 1002 1264 spectatores

137 1277 298 1354 superamm
308 1301 400 1340 rerum
414 1271 493 1359 atque
505 1279 673 1354 caelestium,
692 1299 804 1359 quarum
817 1282 1000 1361 spestamlum
1088 1353 1093 1360 ,

136 1379 175 1436 ad
186 1376 300 1438 nullum
311 1379 385 1440 aliud
396 1401 483 1463 genus
495 1379 672 1441 animantium
686 1379 811 1458 pertinet.
844 1384 943 1442 Sensus
951 1403 1001 1441 au-

137 1491 198 1536 tem
209 1479 369 1557 interpretes
381 1503 413 1542 ac
422 1481 511 1542 nuntii
518 1501 620 1555 retum,
628 1479 657 1540 in
670 1480 758 1558 capite
766 1495 902 1558 tamquam
914 1480 945 1541 in
957 1472 1002 1541 ar-

135 1595 184 1652 ce,
196 1575 313 1666 mirifice
326 1582 429 1644 adusus
438 1569 600 1642 necessarios
612 1583 643 1643 &
655 1579 722 1639 fatti
734 1581 765 1640 &
777 1578 916 1640 conlocati
929 1581 998 1642 sunt.

136 1675 216 1736 Nam
228 1678 313 1754 oculi,
327 1695 464 1760 tamquam
473 1681 662 1760 speculatores,
673 1677 830 1740 altillimum
843 1679 936 1740 locum
950 1680 1001 1739 ob-
1055 1692 1057 1700 '

134 1778 244 1839 tinent:
276 1799 311 1839 ex
332 1801 387 1857 quo
408 1778 526 1860 plurima
548 1779 755 1859 conspicientes,
781 1777 931 1858 fimgantur
952 1779 1000 1838 suo

136 1898 264 1937 munere.
297 1877 340 1936 Et
352 1899 438 1952 aures,
455 1879 520 1942 etim
538 1879 633 1938 sonum
655 1874 795 1954 percipere¹
816 1877 934 1938 debcant
954 1877 1001 1956 qui

134 1992 236 2034 natura
250 1974 364 2034 sublime
376 1973 471 2048 fertur,
489 1974 564 2036 reete
578 1974 607 2034 in
628 1973 692 2031 altis
712 1993 858 2052 corporum
876 1977 999 2054 partibus

133 2071 300 2133 conlocatae
313 2073 381 2132 sunt.
402 2073 526 2149 Itemque
539 2091 626 2144 nares,
645 2070 680 2130 eo
693 2067 765 2146 qubd
781 2070 869 2132 omnis
880 2075 950 2134 odor
962 2075 998 2133 ad

134 2168 229 2247 supera
241 2169 339 2241 fertur,
358 2167 433 2228 reete
447 2167 548 2228 sursrm
560 2169 639 2226 sunt:
660 2167 692 2228 bc
703 2167 775 2246 quod
787 2167 846 2228 cibi
857 2173 888 2230 bt
904 2171 997 2248 potio-

131 2270 178 2329 nis
186 2267 320 2350 judicium
334 2287 464 2350 magnum
477 2289 571 2327 earum
584 2267 635 2336 est,
653 2285 710 2322 non
722 2263 777 2323 fine
795 2264 884 2324 caussa
901 2265 1011 2326 vicini--

133 2387 221 2432 tatem
234 2367 403 2429 orissecutae
416 2367 482 2424 sunt.
503 2365 568 2444 Jam
585 2361 716 2442 gustatus,
734 2361 779 2436 qui
792 2363 889 2422 sentire
901 2384 999 2424 eorum

132 2468 236 2550 quibus
248 2465 381 2524 vescimur
390 2481 491 2540 genera
503 2459 627 2534 deberet,
638 2458 745 2519 habitat
757 2459 786 2518 in
798 2480 831 2518 ea
842 2475 919 2542 parte
932 2451 999 2536 oris,

98 2591 101 2596 ·
135 2587 189 2648 qua
202 2553 558 2638 esculentis&poculentis
576 2556 628 2616 iter
640 2574 735 2617 natura
747 2555 883 2638 patefecit.
921 2557 998 2617 Tac-

134 2678 282 2724 tosautem
296 2673 356 2716 toto
368 2675 483 2734 corpore
497 2653 676 2732 aequabiliter
687 2654 756 2716 msto
779 2655 828 2729 esl,
857 2669 888 2713 ut
900 2675 996 2718 omnes
1058 2681 1060 2684 ·

133 2759 216 2832 istus,
236 2755 380 2834 omnesque
392 2750 493 2812 nimios
514 2754 546 2814 &
567 2748 727 2832 frigoris&
747 2748 847 2809 caloris
859 2751 997 2830 adpulsus,

134 2859 234 2918 sentire
248 2851 384 2934 poffimus.
404 2851 507 2928 Atque,
527 2866 558 2907 ut
571 2847 600 2909 in
613 2845 746 2908 aediliciis
759 2846 904 2908 architeffl
916 2870 994 2910 aver·
1005 2865 1007 2869 “

132 2975 197 3016 tunt
209 2955 245 3014 ab
257 2951 347 3012 oculis
355 2946 517 3024 natibusque
526 2945 703 3027 dominorum
716 2967 758 3020 ea,
777 2969 844 3024 quae
856 2947 997 3026 profluen-

132 3055 172 3114 tia
181 3047 328 3112 necellasib
341 3044 421 3106 taetri
433 3043 517 3104 client
529 3041 633 3122 aliquid
646 3041 788 3106 habitura:
798 3043 833 3106 stc
845 3063 941 3105 natura
950 3069 993 3109 tes

135 3148 236 3214 srmiles
247 3149 344 3230 procul
363 3144 518 3205 amandavit
530 3146 545 3202 a
558 3143 682 3226 senfibus.
705 3143 791 3230 -Qris
811 3146 875 3204 vet-o
890 3146 992 3224 opifex,
1015 3171 1047 3230 57

119 3237 242 3329 ¹praeter
254 3263 390 3319 naturam,
410 3263 459 3320 qua
472 3237 544 3298 nihil
562 3240 649 3318 potest
667 3237 721 3303 elle
733 3239 871 3315 callidius,
889 3257 992 3304 tantam

134 3342 287 3405 sollertiam
300 3341 418 3422 persequi
430 3335 557 3418 potuisset
569 3335 599 3396 in
613 3337 750 3396 senfibus?
783 3341 860 3419 Qsae
872 3339 994 3418 primum

134 3443 234 3506 oculos
247 3440 411 3502 membranis
419 3433 576 3499 tenuiffimis
585 3437 690 3498 vestivit
702 3439 733 3500 ὃς
748 3435 838 3516 sepsit:
859 3460 923 3515 quas
935 3437 992 3517 prl-

127 3535 213 3611 'mum
225 3531 380 3624 perlucidas
388 3537 464 3618 fecit,
477 3556 507 3600 ut
519 3559 568 3620 per
580 3557 626 3596 eas
637 3537 713 3599 cerni
724 3537 809 3617 posset
822 3558 832 3610 3
844 3535 939 3598 firmas
947 3557 993 3596 au-

307 3653 312 3660 '
563 3641 627 3720 G3
984 3641 1053 3708 mm,
