2694 4428
292 305 800 468 138⁸D2Nu‘ruuu
831 354 1071 436 Dnotturu
1139 341 1188 350 ’“

343 525 398 566 non
417 501 552 568 adhibere
574 498 700 576 omuino,
722 497 801 578 quum
814 501 859 580 spe
885 502 967 564 dubia
988 504 1082 565 salutis
1093 505 1121 564 in
1132 524 1207 584 aper-

342 619 398 662 tam
415 597 566 679 perniciem
579 596 719 658 incurrere
730 621 738 654 ι
748 595 784 658 stc
796 599 872 658 haud
885 599 950 674 seio,
964 621 1000 658 an
1013 601 1110 660 melius
1123 595 1202 662 literit

341 700 466 778 humano
477 695 579 778 generi
587 712 693 760 motum
707 695 787 756 istum
797 695 917 756 celerem
930 697 1113 778 cogitationis,
1138 719 1200 758 acu-

341 815 418 869 men,
443 791 604 870 sollertiam,
634 814 716 876 quam
741 791 877 854 rationem
908 812 1048 869 vocamus,
1077 793 1205 873 quoniam

341 893 469 974 pestifera
480 891 514 954 stt
525 892 631 972 multis,
652 893 801 957 admodum
813 894 905 972 paucis
925 895 1061 969 salutaris,
1085 915 1138 953 non
1154 892 1203 949 da-

340 993 367 1066 rl
378 992 503 1070 nurnine,
513 981 591 1074 quirit
603 1009 659 1052 tam
672 991 805 1058 munifice
817 993 849 1060 &
861 1011 919 1054 tam
928 995 1005 1078 large
1019 993 1086 1053 duri.
1101 993 1202 1074 Qram-

341 1091 438 1152 obrem
451 1091 471 1150 st
484 1112 560 1152 mens
572 1091 752 1172 voluntasque
763 1091 857 1158 divina
869 1092 974 1152 idcirco
995 1091 1131 1152 consuluit
1152 1089 1203 1148 ho·

339 1190 470 1265 minibus,
493 1192 566 1272 quod
578 1189 612 1252 iis
623 1192 663 1254 est
675 1191 777 1274 largita
789 1191 924 1254 rationem
940 1214 949 1264 ;
974 1191 1007 1252 iis
1026 1190 1088 1252 solis
1110 1187 1204 1252 consu-

339 1292 405 1367 luit,
417 1313 484 1371 quos
497 1291 571 1354 boue
583 1292 691 1359 ratione
704 1290 818 1352 donavit
831 1318 839 1351 :
852 1313 919 1371 quos
932 1291 1068 1380 videmus,
1089 1289 1109 1350 li
1124 1287 1204 1348 modo

337 1391 392 1452 ulli
405 1389 466 1466 lint,
491 1389 545 1452 elle
574 1411 733 1470 perpaucos.
772 1391 840 1450 Non
862 1390 954 1469 placet
975 1405 1065 1450 autem
1086 1385 1207 1467 paucisd

337 1486 393 1546 nis
413 1485 605 1554 inmortalilms
630 1483 684 1548 elle
708 1485 875 1562 consultum.
913 1485 1045 1563 Sequitur
1068 1505 1149 1565 ergo,
1174 1494 1206 1539 ut

284 1587 320 1647 28
339 1584 444 1646 nemini
460 1583 619 1646 consultum
630 1583 671 1644 stt.
709 1585 785 1647 Huic
804 1583 918 1647 locuste
934 1582 1026 1644 soletis
1037 1601 1205 1644 occurrere:

337 1701 395 1742 non
406 1679 511 1742 idcirco
519 1700 577 1739 non
585 1679 701 1760 opmme
714 1680 795 1744 nobis
809 1682 824 1740 ὲ
837 1679 890 1740 Dts
902 1677 958 1742 else
970 1678 1122 1758 provisum,
1132 1675 1205 1758 quod

336 1779 422 1841 multi
446 1801 546 1842 eorum
569 1777 712 1849 beneficio
727 1779 854 1859 perversi:
877 1794 1035 1878 uterentur:
1062 1776 1206 1854 eriampa-

336 1878 475 1940 trimoniis
487 1880 590 1941 multos
599 1879 671 1940 male
687 1877 749 1952 uti,
774 1899 826 1939 nec
835 1878 873 1938 ob
890 1899 952 1939 eam
964 1875 1081 1938 caullam
1095 1897 1144 1936 eos
1156 1875 1205 1932 be-

334 1975 463 2036 neficium
476 1982 491 2037 d
503 1981 628 2056 patribus
650 1981 759 2045 nullum
781 1980 893 2042 habere.
933 1979 1121 2059 Quisquamne
1136 1976 1206 2037 istuc

333 2079 436 2154 negat?
457 2089 506 2160 aut
516 2094 584 2150 quae
596 2077 636 2133 est
649 2077 698 2144 [in
711 2079 883 2152 collatione]
896 2078 946 2138 ista
959 2078 1137 2138 similitudo?
1149 2095 1204 2140 nec

332 2167 409 2233 enim
422 2167 541 2228 Herculi
550 2187 650 2230 nocere
663 2170 795 2233 Deianira
809 2175 911 2247 voluit,
936 2197 1002 2234 cum
1021 2174 1049 2234 ei
1067 2175 1205 2245 tunicam,

332 2269 463 2352 sanguine
484 2265 616 2330 Centauri
637 2266 763 2341 meram,
785 2267 878 2328 dedit:
904 2290 958 2330 nee
980 2267 1105 2348 prodesse
1124 2262 1203 2332 Phe‘-

331 2393 399 2433 raeo
411 2369 509 2454 Jaloni
520 2369 553 2446 is,
571 2367 620 2449 qui
632 2357 727 2452 gladio
746 2366 883 2429 vomicam
896 2369 952 2450 ejus
971 2369 1089 2448 aperuit,
1113 2385 1201 2446 quam
1247 2441 1248 2444 Ἴ

331 2472 424 2532 sanare
434 2469 539 2530 medici
546 2491 603 2530 non
615 2485 767 2548 potuerant.
806 2470 899 2530 Multi
915 2469 1002 2544 enim,
1027 2471 1057 2532 δε
1068 2470 1133 2530 etim
1147 2469 1202 2532 ob-

330 2567 384 2628 elle
410 2567 525 2639 vellent,
555 2563 858 2644 profuerurtt,8tci1m
881 2565 1017 2647 prodeffe,
1039 2566 1200 2630 obfuerunt.

329 2667 374 2725 Ita
387 2685 443 2724 non
456 2664 489 2723 fit
497 2685 532 2724 ex
544 2684 580 2722 eo
592 2665 664 2742 quod
675 2666 762 2738 datur,
783 2681 815 2724 ut
828 2653 1034 2745 voluntatens,
1054 2667 1100 2746 qui
1111 2669 1200 2730 dede-

328 2764 377 2838 rit,
395 2779 542 2844 appareat3
562 2781 624 2837 nec,
648 2761 714 2837 stis,
732 2764 776 2844 qui
795 2762 910 2843 accepit,
932 2762 1002 2824 bene
1024 2764 1123 2838 utitur,
1150 2765 1197 2825 id-

328 2862 406 2923 circo
426 2859 460 2937 is,
484 2861 530 2941 qui
551 2859 640 2936 dedit,
662 2858 749 2920 amice
764 2859 850 2921 dedit.
887 2861 967 2940 Qrae
987 2859 1062 2919 enim
1089 2857 1195 2937 libido,

326 2981 392 3040 ettae
404 2958 529 3033 avaritia,
550 2961 620 3039 quod
634 2957 739 3018 facinus
760 2973 808 3018 aut
827 2957 981 3037 suscipitur,
1003 2955 1053 3018 nili
1075 2957 1197 3022 consilio

328 3075 430 3136 capt03
449 3075 496 3119 aut
511 3056 566 3118 line
578 3056 664 3144 animi
677 3074 755 3118 motu
765 3057 795 3118 &
806 3056 984 3137 cogitatione,
1004 3055 1033 3115 id
1052 3056 1101 3130 est,
1124 3059 1195 3118 rati-

259 3213 262 3223 ,
325 3171 372 3230 tre,
395 3155 561 3236 perficitur?
594 3177 656 3218 nam
680 3155 771 3217 omnis
791 3155 896 3236 opinio,
915 3157 987 3217 ratio
1008 3157 1056 3230 est,
1075 3158 1107 3217 ὃς
1129 3157 1195 3236 qui·

323 3255 387 3314 dem
400 3255 473 3316 bona
485 3255 566 3330 ratio,
593 3254 612 3314 fi
626 3277 690 3316 vera
703 3277 711 3327 ;
723 3254 805 3314 mala
817 3270 921 3328 autem,
946 3253 964 3314 st
978 3254 1044 3314 falsa
1064 3255 1104 3314 est
1127 3255 1192 3334 opi-
1228 3245 1230 3250 ¹

323 3349 380 3412 nio.
410 3354 464 3413 Sed
477 3355 491 3412 ὲ
504 3354 567 3414 Deo
580 3369 684 3413 tantum
697 3353 831 3414 rationem
844 3351 985 3430 habemus,
1005 3353 1024 3412 st
1038 3355 1122 3414 mod‘o
1137 3355 1186 3414 ha*

327 3449 441 3510 bemus:
469 3447 570 3509 bonam
583 3465 677 3510 aurem
690 3447 835 3522 rationem,
857 3466 904 3508 aut
915 3449 1092 3524 nonbonam,
1114 3450 1188 3510 dno·

324 3545 385 3608 bis:
410 3564 466 3610 non
485 3546 570 3626 enim,
592 3561 623 3609 ut
642 3544 837 3628 patrimonium
860 3545 1032 3631 relinquitur,
1052 3546 1089 3618 stc
1113 3543 1184 3626 ratio

280 3641 283 3656 '
326 3651 331 3673 '·
422 3659 427 3678 ·
1001 3661 1012 3673 ··
1074 3637 1183 3704 homiui
