2698 4444
217 479 220 486 .
274 427 358 533 '¹34
433 421 508 501 De
538 416 1055 504 NnrunnDsonun

332 587 419 643 natm
443 571 518 652 cujus
550 570 633 631 Elide
658 570 806 632 delubrum
832 571 976 634 videmust
1008 577 1107 651 altera,
1136 577 1202 657 spu-

333 692 378 732 ma
404 687 563 750 procreata;
600 690 635 729 ex
666 691 717 748 que
743 670 941 732 &Mercurio
964 672 1131 754 Cupidinem
1159 677 1203 738 se-

330 773 450 836 cundum
468 788 562 832 natum
575 769 744 848 accepimus:
774 772 866 845 tertia,
888 773 961 856 Jove
980 789 1043 834 nata
1070 777 1102 836 ὅτ
1129 755 1205 834 Did-

333 892 389 944 ne,
416 891 484 951 quae
510 867 598 949 nupsit
620 868 768 942 Volceno;
806 870 852 930 sed
872 891 906 931 ex
929 893 962 933 ea
980 875 1011 934 bt
1033 872 1127 934 Marte
1152 895 1206 936 na-

333 987 375 1034 tus
396 972 517 1046 Anteros
536 969 652 1032 dicitur:
678 988 785 1048 queres,
800 969 881 1051 Syria
903 971 1038 1057 Tyroque
1056 991 1205 1052 concepta,

335 1089 405 1150 quae
418 1069 527 1128 Astarte
540 1083 675 1140 vocatur3
693 1087 775 1145 quarn
788 1069 916 1130 Adonidi
930 1065 1043 1150 nupsisse
1061 1069 1204 1149 proditum

332 1171 380 1232 est.
419 1170 550 1232 Minerva
576 1171 676 1252 prima,
706 1193 790 1250 quarn
813 1170 959 1252 Apollinis
983 1187 1099 1232 matrem
1125 1171 1207 1248 suprrl

335 1266 469 1328 diximus:
491 1269 607 1330 secunda
619 1286 680 1330 orta
695 1269 778 1342 Nilo,
796 1289 878 1348 qnam
892 1266 1028 1350 Aegyptii
1048 1265 1140 1327 Saitae
1156 1286 1210 1325 co-

334 1365 410 1430 lunt:
431 1366 511 1430 tertia
523 1367 583 1442 illa,
607 1390 689 1450 qnam
703 1370 776 1450 Jove
787 1382 945 1448 generatam
960 1366 1037 1444 supri
1068 1365 1207 1427 diximus:
1241 1439 1247 1446 Ι

337 1482 432 1544 quarta
444 1467 519 1548 Jove
537 1483 601 1528 nete
614 1470 644 1530 &
657 1465 803 1548 Coryphe,
828 1463 936 1524 Oceani
948 1461 1027 1534 filim
1051 1485 1133 1542 quarn
1147 1463 1207 1521 Ar-

338 1564 419 1622 cades
431 1563 536 1624 Corian
548 1565 701 1638 nominant,
720 1565 752 1625 δι
768 1562 957 1644 quadrigarum
971 1560 1151 1622 inventricem
1163 1559 1209 1620 fe-

335 1677 414 1720 runt:
438 1657 528 1738 quinta
546 1659 688 1733 Pallantis,
711 1679 779 1738 quae
792 1676 899 1740 patrem
912 1655 1015 1716 dicitur
1029 1652 1209 1728 interemisse,

337 1755 525 1838 virginitatem
538 1759 610 1820 suam
623 1756 730 1816 violare
748 1773 895 1816 conantem
907 1776 916 1826 ;
946 1750 992 1814 cui
1005 1753 1149 1832 pinnarum
1161 1769 1207 1809 ts-

297 1871 302 1882 '
335 1854 407 1916 laria
419 1853 550 1940 adfigtmt.
588 1855 697 1934 Cupido
710 1853 825 1933 primus,
839 1850 1030 1913 Mercurio&
1043 1851 1135 1912 Diana
1148 1851 1208 1930 pri-

334 1971 380 2008 ma
391 1969 470 2012 natus
483 1953 598 2014 dicitur:
618 1951 762 2026 secundus,
778 1950 965 2012 Mercurio&
980 1949 1091 2008 Venere
1103 1947 1203 2010 secun.

337 2048 389 2106 da:
411 2050 506 2107 tertius
518 2051 629 2127 quidem
643 2052 681 2110 eu
694 2052 827 2123 Anteros,
837 2051 932 2110 Marte
943 2051 975 2111 ἃ
987 2049 1101 2110 Venere
1113 2047 1209 2108 tertie.

286 2169 290 2174 ·
334 2141 428 2220 Atque
443 2140 511 2198 haec
524 2142 633 2218 quidem
648 2142 789 2220 ejusmodi,
814 2164 850 2202 ex
870 2158 961 2203 vetere
980 2142 1115 2203 Graeciae
1127 2142 1204 2201 same

338 2237 460 2300 collecta
483 2237 557 2295 sunt:
574 2234 670 2314 quibus
683 2235 816 2316 intelligis
827 2237 1002 2296 refistendum
1016 2236 1080 2310 elle,
1092 2257 1127 2297 ne
1140 2259 1209 2315 per-
1347 2209 1348 2270 l

338 2333 484 2396 turbentur
497 2329 653 2414 religiones.
691 2329 784 2390 Vestri
795 2344 948 2390 autemnon
960 2329 1045 2388 modb
1064 2330 1135 2390 baec
1147 2309 1212 2398 ndis

338 2431 482 2506 refellunt,
502 2427 598 2488 versun
612 2426 695 2487 etiam
708 2423 885 2500 confirmant,
904 2423 1109 2504 interpretando
1122 2445 1210 2505 quor.

339 2533 397 2591 sum
410 2527 524 2608 quidque
538 2528 680 2605 pertineat.
720 2527 776 2586 Sed
788 2528 822 2586 eb
843 2527 923 2607 jam„
933 2527 1006 2586 unde
1027 2527 1084 2585 huc
1095 2523 1207 2607 digrelii

282 2645 320 2703 24
339 2627 435 2695 sumus,
460 2637 638 2681 revertamur.
678 2623 754 2682 Num
768 2623 858 2682 censes
881 2618 965 2704 igitur
980 2622 1125 2685 subtiliore
1141 2627 1209 2686 rati-

339 2741 393 2780 one
407 2739 475 2795 opns
484 2713 540 2774 esse
552 2715 587 2771 ad
601 2715 669 2775 haec
681 2714 832 2775 refellenda
845 2724 856 2773 2
874 2736 938 2776 nam
952 2737 1084 2796 mentem,
1106 2719 1207 2796 fidem,

338 2819 423 2896 spem,
443 2813 585 2886 virtutem,
607 2815 753 2887 honorem,
774 2814 1204 2896 viu01·iam,salurem,concor-

336 2913 423 2985 diam,
451 2925 594 2990 ceteraque
606 2909 754 2993 ejusmodi,
780 2931 872 2972 rerum
886 2913 944 2972 vim
957 2912 1059 2974 habere
1074 2914 1212 2990 videmus,

339 3030 397 3070 non
419 3008 554 3069 Deorum.
592 3011 652 3068 Aut
672 3005 747 3066 enim
769 3007 800 3066 in
822 3009 958 3070 nobismet
981 3011 1070 3071 insunt
1084 3009 1155 3092 ipsis,
1174 3031 1208 3073 ut

339 3128 427 3180 mens,
453 3105 573 3180 ursides,
591 3114 640 3176 [ut
653 3105 740 3186 spes,]
754 3122 785 3164 ut
798 3104 893 3182 virtus,
922 3124 954 3166 ut
966 3107 1131 3168 concordia:
1158 3126 1209 3170 aut

320 3207 475 3286 'optandae
494 3203 574 3262 nobis
597 3204 666 3278 sunt,
692 3220 723 3265 ut
743 3202 842 3276 bonos,
865 3220 894 3266 ut
917 3205 1000 3280 selus,
1022 3220 1053 3263 ut
1067 3204 1205 3272 vidioria:

337 3324 452 3382 quarum
465 3321 556 3364 rerum
566 3299 713 3362 utilitatem
727 3299 809 3360 video
821 3319 829 3369 ;
848 3299 930 3361 video
943 3301 1029 3360 etiarn
1048 3302 1207 3365 consecrate

340 3399 492 3460 simulacra.
531 3397 624 3474 Quare
637 3413 729 3458 autem
748 3395 776 3456 in
789 3394 833 3453 bis
845 3395 887 3455 vis
909 3396 1035 3457 Deorum
1050 3397 1122 3474 insrt,
1143 3417 1203 3459 tum

339 3493 508 3576 intelligam,
533 3495 597 3554 crim
611 3515 777 3576 cognovero.
816 3495 881 3574 Qro
893 3493 921 3553 in
931 3515 1034 3575 genere
1046 3495 1091 3557 vel
1105 3517 1203 3556 maxu-

340 3593 384 3657 mi
397 3593 435 3658 est
448 3591 567 3660 Fortuna
580 3594 760 3672 numeranda,
785 3610 863 3674 quem
877 3613 960 3656 nemo
972 3593 1011 3656 ab
1021 3582 1203 3666 inconstantia

1166 3693 1200 3760 it
