2694 4428
454 395 655 478 Lmen
700 388 826 473 ills
977 325 1066 506 ¹143

145 573 228 638 bonis
241 573 311 634 male
325 569 466 632 evenerit:
486 590 538 630 nec
552 568 653 641 minin,
674 565 693 628 fi
710 587 938 646 commemorem,
956 571 1018 650 qul-

143 672 196 734 bus
210 671 331 753 inprobis
348 669 469 750 optume.
507 669 566 728 Cur
588 668 663 729 enim
686 670 797 730 Marius
818 684 875 744 tatu
887 669 1018 747 feliciter,

144 773 291 852 septimum
317 769 424 842 consul,
455 767 531 828 domi
553 767 615 828 suae
628 768 711 829 senex
735 769 774 828 eli
790 777 936 830 mortuus?
968 788 1018 830 cur

141 872 268 930 omnium
282 865 479 928 crudeliffimus
491 865 604 926 tamdiu
621 865 712 927 Cinna
722 866 868 948 regnavit?
906 863 947 927 At
959 863 1006 926 de·
1027 886 1059 946 33

138 967 184 1027 dit
206 987 313 1046 poenae.
354 962 507 1024 Prohiberi
530 963 628 1026 melius
649 963 703 1024 nir
725 961 909 1044 impedirique,
927 977 963 1026 tle
976 971 1019 1024 rot

13 1141 18 1150 Ι
94 1083 97 1093 ¹
144 1067 265 1126 summos
278 1062 351 1125 viros
364 1061 543 1137 interficerer,
572 1064 649 1144 quim
672 1062 759 1142 ipsum
782 1059 932 1144 aliquando
950 1077 1017 1143 poe*

138 1185 191 1225 nas
203 1167 279 1224 dare.
316 1166 431 1225 Summo
445 1161 569 1222 cruciatu
592 1159 773 1240 supplicioque
785 1164 824 1242 Q
836 1161 946 1237 varitia,
965 1159 1019 1221 lto-

141 1285 192 1323 mo
208 1259 451 1341 inportuniffimus,
472 1259 573 1338 periit:
593 1258 624 1336 st,
637 1260 698 1341 quia
710 1243 833 1320 Drulirni
845 1259 932 1334 ferro,
951 1258 1019 1318 Me-

139 1361 353 1422 tellumveneno
363 1353 592 1429 sustulerat;illos
601 1356 756 1417 conservari
764 1353 1018 1434 mellusnlequlrn

141 1476 244 1538 poenas
257 1455 365 1516 sceleris
379 1452 494 1518 Varium
507 1455 634 1533 pendere.
659 1452 936 1534 Duodequadraginta
945 1451 1018 1512 Dio-

142 1552 234 1634 nyfius
252 1569 384 1636 tyranmrs
395 1575 480 1616 annos
493 1553 546 1617 fuit
558 1543 783 1633 opulentillimae
799 1551 830 1614 dt
849 1549 1015 1614 bertiliitnae

142 1651 273 1713 civitatis.
312 1654 407 1734 Qra'm
420 1653 525 1713 multos
536 1667 600 1712 ante
612 1653 689 1714 lrunc
702 1650 731 1712 in
744 1650 802 1730 ipso
813 1649 949 1710 Graeciae
963 1637 1016 1710 flo-

141 1771 173 1811 re
194 1750 366 1811 Pisistratus?
405 1753 446 1812 At
471 1751 609 1828 Phalaris,
637 1767 667 1812 at
692 1747 884 1832 Apollodorus
907 1761 1012 1828 poenas

139 1845 252 1908 sustulit.
293 1845 397 1906 Multis
408 1848 521 1928 quidem
534 1845 597 1907 ante
617 1845 747 1908 cruciatis
767 1847 800 1908 dt
824 1843 936 1906 necatis.
976 1845 1013 1905 Er

142 1945 295 2022 praedones
318 1941 400 2004 multi
421 1946 498 2024 saepe
510 1965 613 2026 poenas
631 1947 716 2005 dant:
750 1965 803 2006 nec
815 1961 908 2004 tamen
920 1941 1013 2022 pollu-

144 2057 206 2098 mus
217 2037 322 2116 dicere,
343 2060 400 2100 non
412 2041 502 2120 pluris
513 2041 636 2121 captivos
647 2039 746 2102 acerbe
759 2041 840 2120 qulrn
860 2041 1013 2120 praedones

141 2151 263 2197 necatos.
306 2138 499 2200 Anaxarchum
512 2137 873 2214 DemocriteumiCyprio
894 2141 1012 2212 tyranno

138 2231 363 2294 excamificatum
377 2236 552 2315 accepimus:
581 2234 728 2300 &nonem
742 2227 828 2288 Eleae
841 2228 871 2287 in
883 2237 1009 2289 tormen-

140 2330 177 2389 tis
188 2348 328 2388 neoatum.
366 2331 443 2408 Quid
459 2329 551 2386 dicam
565 2328 600 2387 de
612 2329 748 2388 Socrate?
767 2329 842 2409 cujus
864 2325 948 2385 inosti
967 2325 1010 2386 ins

139 2422 280 2482 lacrimari
292 2423 378 2496 soleo,
404 2422 554 2482 Platonem
566 2421 670 2505 legens.
709 2417 828 2486 Videsne
842 2423 935 2506 igitur,
948 2427 1009 2486 De·

140 2541 221 2584 onrm
237 2519 352 2602 judicio,
372 2521 391 2581 sr
406 2520 501 2582 vident
513 2541 557 2581 res
569 2521 713 2598 humanas,
725 2522 872 2586 discrimen
885 2524 939 2588 effe
951 2526 1012 2589 liris-
1046 2577 1052 2588 .

139 2617 246 2679 lamro?
274 2616 415 2700 Diogenes
427 2617 536 2700 quidem
548 2619 670 2700 Cynicus
681 2617 774 2681 dicere
786 2621 902 2696 solebat,
930 2625 1004 2683 Har·
1025 2642 1061 2705 34

138 2715 245 2798 palum,
269 2715 317 2795 qui
353 2718 523 2796 temporibus
545 2718 602 2779 illis
627 2722 730 2798 praedo
752 2719 821 2781 felix
844 2721 1011 2800 habebatur,

137 2832 236 2876 contra
258 2813 336 2875 Deos
359 2813 542 2879 testimonium
565 2817 668 2893 dicere,
693 2821 764 2898 quod
787 2819 816 2879 in
836 2819 886 2880 illa
899 2822 1006 2882 betuna

139 2915 261 2974 tamdiu
275 2914 388 2974 viveret.
427 2915 588 3012 Dionysus,
605 2915 708 2996 dequo
721 2915 784 2977 ante
800 2918 869 2993 dixi,
890 2919 955 2980 crim
966 2918 1007 2979 sa-

136 3027 207 3092 ¹num
220 3009 395 3090 Proserpinae
409 3011 509 3072 Locris
520 3011 700 3091 expilavilset,
722 3015 870 3098 navigabat
887 3019 1008 3098 Syracu·

141 3109 198 3168 ias:
225 3107 297 3189 isque
311 3109 375 3169 etim
390 3109 580 3171 secundiffimo
593 3128 676 3172 vento
695 3113 805 3174 curlirm
831 3129 946 3191 teneret,
968 3115 1008 3176 ri-

141 3204 222 3278 dens,
249 3209 378 3287 Wderr‘fire,
398 3205 498 3284 inquit,
517 3214 602 3282 mici,
622 3231 695 3290 quam
716 3213 774 3271 bona
787 3215 806 3270 a*
817 3215 856 3272 dts
868 3216 1007 3273 immed

139 3301 186 3393 'bus
196 3311 327 3382 navigaris
332 3307 459 3386 surilegt's
470 3305 565 3365 detur?
602 3307 696 3386 Atque
721 3308 809 3370 homo
833 3327 928 3373 acutus
940 3311 1005 3374 cirria

142 3398 212 3460 bene
226 3401 358 3484 planeque
370 3401 542 3482 proceffill'et,
568 3405 598 3466 in
619 3409 715 3469 eadem
729 3409 860 3472 stntentia
882 3414 1006 3492 perseve-
1111 3425 1116 3430 ‘

144 3499 244 3559 tabat:
273 3499 327 3579 qui,
352 3501 417 3560 cum
430 3503 465 3558 ad
478 3501 695 3581 Peloponnesum
717 3507 828 3570 classem
850 3509 1007 3590 adpulili'ei,

142 3597 174 3662 k
185 3597 216 3658 in
230 3595 324 3657 fanum
337 3597 451 3659 venisset
459 3597 540 3679 Jovit
551 3599 681 3683 Olympii
692 3625 701 3676 ;
721 3625 835 3668 aureum
848 3605 876 3671 ei
887 3608 1006 3668 detraxit

904 3701 1064 3787 amiculum,
