2698 4444
332 411 405 492 108
483 406 558 484 Da
587 397 831 484 Nl‘runn
860 407 1104 494 Daunum

386 556 474 641 gratia
488 570 628 638 generatas
646 553 701 616 else
722 557 868 622 videamus.
905 560 981 640 Quid
998 563 1072 629 enim
1088 586 1155 626 oves
1173 566 1251 627 aliud

382 654 598 730 adsentiremus
617 669 645 716 ut
666 676 757 719 earum
781 656 858 718 villis
870 657 1091 740 confectumque
1110 663 1251 724 contextis

383 754 512 816 honines
524 750 696 814 vestiantur?
726 773 793 832 quae
815 753 927 833 quidem
944 775 1031 833 neque
1043 758 1091 831 ali,
1110 779 1195 838 neque
1209 759 1250 820 su-

384 851 505 929 stentati,
523 873 610 934 neque
627 852 717 910 ullum
727 851 848 914 frustum
860 856 943 916 edere
955 873 991 914 ex
1004 855 1029 918 se
1042 853 1095 916 fine
1107 857 1183 918 cultu
1196 857 1250 915 ho-

384 951 490 1012 minum
507 952 540 1012 bt
557 947 702 1009 curatione
711 948 867 1026 putruissent.
904 951 1013 1011 Canum
1027 951 1091 1012 verb
1116 968 1171 1012 tarn
1191 950 1249 1012 sida

380 1048 512 1121 custodia,
539 1060 648 1126 tamque
666 1067 759 1106 ιιιιιι
774 1048 951 1110 dominomm
964 1050 1097 1123 adulatio,
1126 1067 1248 1109 tanturn

380 1143 557 1226 qrreodirrm
549 1163 578 1203 ιι
594 1159 735 1216 extemos,
761 1144 792 1208 bt
805 1161 861 1208 tarn
884 1147 1055 1208 incredibilis
1079 1148 1114 1207 ad
1135 1144 1245 1207 invelli-

379 1243 497 1326 gandum
519 1239 648 1323 sagacitas
668 1241 786 1314 narium,
813 1258 888 1304 tanta
909 1245 1034 1305 alacritas
1056 1243 1085 1304 iu
1105 1244 1240 1314 venando,

379 1342 444 1422 quid
465 1339 600 1422 fignificat
620 1339 706 1408 aliud.
731 1339 781 1408 uisi
795 1341 821 1401 se
835 1344 869 1401 ad
889 1342 1034 1402 hominum
1062 1339 1251 1404 commoditas

379 1456 422 1500 tes
441 1437 495 1500 elie
512 1445 678 1520 generatos?
716 1428 795 1518 Qrid¹
813 1439 849 1499 de
870 1439 960 1500 bubus
982 1439 1097 1519 loquar?
1132 1455 1245 1519 quorum

265 1549 268 1555 '
379 1537 435 1616 ipsa
453 1555 530 1619 terga
551 1537 694 1598 declarant
714 1558 773 1598 non
794 1537 847 1600 esle
867 1540 893 1600 se
906 1541 941 1599 ad
965 1559 1036 1598 onus
1058 1537 1244 1617 accipiundum

379 1633 505 1718 figurata.
543 1635 775 1700 Cervicesautem
788 1657 869 1702 natae
888 1641 923 1700 ad
943 1642 1061 1722 jugum
1091 1655 1150 1698 tum
1176 1635 1244 1697 vires
1324 1657 1325 1664 ¹

378 1737 555 1802 humerorum
576 1737 608 1797 bt
629 1733 837 1798 latimdinesad
858 1754 947 1798 aratra
960 1735 1162 1814 pertrahendo:
1189 1730 1244 1810 qni-

378 1833 441 1908 bus,
457 1834 522 1896 cirin
535 1849 623 1894 terrae
636 1833 827 1923 subigerentur
839 1832 943 1898 fiffione
962 1834 1117 1914 glebarum,
1146 1829 1243 1890 abillo
1324 1871 1325 1886 r

376 1951 463 1994 aureo
483 1951 596 2014 genere,
614 1948 646 1993 ut
667 1950 765 2012 poetae
779 1931 942 2014 loquuntur,
962 1929 1003 1992 vis
1021 1933 1103 1992 nulla
1115 1947 1241 2008 umquam
1324 1915 1325 1954 ³

374 2030 557 2090 adserebatur.

430 2137 515 2199 ferrers
526 2143 577 2188 tm
588 2130 648 2185 vero*
655 2133 732 2207 proles
743 2147 827 2192 erema
839 2133 933 2210 repenti
945 2134 989 2203 ess,

432 2225 540 2306 astque
546 2225 660 2302 {atesim
670 2232 754 2305 prima
762 2229 797 2283 ess
803 2225 952 2302 fabricarier
964 2203 1100 2302 erastus,¹

431 2325 943 2406 Ergajlaremmviiirondnnirrnnparj
945 2343 1069 2382 ιιιιιιιι.

377 2421 471 2484 Τιιιι
482 2419 629 2501 putabatur
641 2415 746 2480 utilitas
756 2417 862 2498 percipi
872 2439 907 2480 ex
917 2419 1017 2494 bubus,
1036 2432 1180 2478 uteorum
1193 2415 1243 2476 ris

319 2521 360 2594 64
376 2519 486 2583 neribus
509 2520 582 2581 vesci
598 2519 686 2580 scelus
706 2519 864 2581 haberetur.
903 2519 1037 2600 Longum
1050 2518 1089 2578 esi
1102 2516 1238 2578 mulorum
1323 2531 1324 2566 3

375 2613 496 2693 persequi
506 2614 641 2674 utilitates
651 2617 682 2674 δι
695 2612 832 2673 asinorum
844 2635 852 2684 ;
878 2635 947 2693 quae
959 2612 1033 2676 certi:
1046 2615 1082 2672 ad
1094 2615 1234 2676 hominum

375 2706 455 2766 usum
474 2721 582 2782 paratae
600 2705 669 2766 sunt.
708 2707 761 2765 Sus
779 2707 844 2766 verb
867 2707 933 2784 quid
952 2707 1047 2782 habet,
1073 2725 1182 2788 praeter
1200 2706 1237 2768 es-

373 2807 456 2860 cam?
475 2800 523 2860 cui
533 2800 657 2879 quidem,
675 2823 711 2862 ne
723 2801 902 2881 putresteret,
929 2802 1049 2863 animam
1072 2805 1158 2882 ipsam
1182 2823 1231 2882 pro
1270 2791 1272 2800 ’

371 2899 427 2964 sale
436 2900 529 2960 datam
540 2899 609 2961 dicit
620 2899 674 2961 else
686 2899 870 2982 Chrysippus:
888 2921 941 2979 qua
954 2903 1072 2979 pecude,
1094 2901 1166 2981 qnbd
1175 2915 1231 2961 erat

371 2999 408 3058 ad
426 2998 590 3060 vehendum
615 3000 778 3060 hominibus
798 3016 872 3079 apta,
890 2999 963 3060 nihil
977 3000 1074 3082 genuit
1086 3017 1184 3061 natura
1195 2997 1232 3058 feu

371 3095 495 3160 condius
535 3097 613 3177 Qsid
622 3095 829 3158 multitudinem
843 3095 1056 3176 suavitatemque
1065 3095 1179 3174 piscium
1191 3090 1232 3150 ‹ll-

327 3235 331 3242 -
370 3200 455 3252 ami
492 3191 569 3280 Quid
588 3194 701 3259 avium?
722 3213 757 3254 ex
769 3189 867 3270 quibus
877 3207 953 3250 ιιιιι
971 3191 1122 3270 percipitur
1139 3189 1232 3265 volup,

372 3305 423 3362 aas,
442 3303 473 3348 ut
485 3287 623 3350 interdurn
641 3291 767 3350 Pronoea
782 3287 883 3361 nolira,
904 3285 1039 3364 Epicurea
1051 3283 1131 3347 finisse
1143 3285 1231 3345 vinea-

371 3383 553 3463 orentque
575 3387 628 3445 hae
649 3405 685 3446 ne
705 3399 866 3462 caperentur
886 3381 1004 3462 quidem,
1023 3381 1073 3446 nist
1087 3380 1228 3442 hominum

370 3495 566 3556 ranoneatque
579 3478 718 3545 sollertia:
738 3497 899 3557 quamquam
922 3498 985 3538 aves
1001 3479 1140 3555 quasdam,
1157 3477 1230 3536 διι-
1322 3535 1323 3564 ,

371 3574 444 3652 lires,
462 3573 620 3653 &bibinen
639 3593 671 3643 ut
682 3573 768 3642 uostti
780 3593 893 3662 augures
907 3573 1059 3658 appellant,
1078 3591 1166 3636 rerum
1182 3587 1230 3626 au
1322 3569 1323 3608 l

1050 3669 1225 3752 guraudatum
