2694 4428
288 391 360 508 ¹48
450 393 515 468 De
546 390 788 472 Nuuuuu
818 391 1058 480 Duorum

345 541 541 608 inmortalibus
553 540 714 602 homiuibus
726 539 862 618 dispartiri
872 561 904 600 ac
916 537 1002 600 dividi
1015 537 1140 597 somnio?
1161 535 1211 596 Io

344 645 421 704 circo
433 644 504 704 hacc
515 660 620 715 tecum,
639 641 703 722 quia
716 634 802 702 vestra
814 641 853 700 est
866 641 900 699 de
915 639 1080 700 somniorum
1094 635 1210 698 veritato

346 740 485 800 sementia.
500 741 590 818 Atque
603 737 686 798 iidem
696 737 778 797 etiam
792 753 856 795 vota
864 735 957 818 suscipi
970 735 1060 798 dicitis
1068 751 1208 812 oportere.

345 839 456 916 Nempe
470 835 569 918 singuli
582 852 701 903 voverim
723 835 800 898 audit
824 831 908 916 igitur
928 854 1006 892 meos
1017 829 1109 900 divina
1120 828 1211 888 etiam

346 939 383 996 de
396 932 514 1016 iugulis.
542 928 652 1000 Videtis
663 952 741 1012 ergo,
754 953 817 992 eam
828 952 885 994 noo
897 929 950 994 effe
963 947 1019 992 tam
1038 941 1213 1006 occupatam,

347 1034 427 1112 qudm
440 1028 589 1109 putabatis?
610 1027 667 1089 Fac
679 1026 733 1091 eise
745 1027 901 1103 distentam,
919 1028 1027 1093 caelum
1046 1029 1211 1096 versantem,

347 1144 445 1192 terram
456 1145 589 1200 tuentem,
599 1124 685 1189 maria
696 1127 899 1194 moderantemq
913 1146 962 1188 cur
971 1140 1026 1183 tam
1036 1121 1140 1191 multos
1149 1119 1210 1178 De-

346 1246 377 1284 os
389 1223 461 1284 nihil
476 1244 556 1304 agere
568 1227 600 1288 δε
612 1219 712 1290 cessare
726 1221 844 1300 patitur?¹
863 1242 914 1282 cur
922 1241 980 1281 nou
990 1221 1070 1283 rebus
1082 1213 1213 1280 humanis

347 1324 454 1403 aliquos
465 1321 567 1382 otiosos
578 1321 655 1386 Deos
666 1319 806 1399 praeficit?
829 1319 876 1400 qui
887 1321 902 1379 d
915 1337 954 1395 te,
967 1319 1066 1395 Balbe,
1089 1319 1215 1380 innumea

244 1432 248 1458 ⁴¹
346 1419 446 1480 rabiles
456 1418 588 1498 explicati
600 1419 668 1478 suut.
707 1415 852 1492 Hacefcre
865 1415 958 1476 dioere
967 1417 1053 1479 habui
1065 1417 1101 1482 de
1115 1430 1215 1476 natura

346 1517 486 1590 Deorum,
508 1539 565 1577 nou
587 1533 619 1576 ut
641 1537 702 1576 eam
726 1515 866 1590 tollerem,
889 1515 935 1576 sed
954 1531 984 1576 ut
1006 1507 1224 1598 intelligeretis,¹

347 1616 426 1692 quim
439 1613 504 1674 effer
516 1611 638 1688 obscura,
649 1615 681 1673 &
693 1632 773 1690 quam
785 1609 915 1677 difficiles
926 1611 1079 1692 explicatus
1087 1609 1214 1672 haberet.
1247 1617 1253 1624 “

289 1731 327 1797 40
347 1713 426 1792 Quae
438 1712 502 1770 cum
516 1707 636 1782 dixisset,
647 1708 730 1772 Cotta
743 1705 836 1768 finem.
856 1707 986 1770 Lucilius
998 1726 1103 1782 autem,
1116 1707 1217 1768 vehe«

349 1807 478 1882 mentitis,
489 1808 584 1889 inquit,
595 1807 690 1880 Cotta,
701 1827 732 1865 tu
739 1807 848 1886 'quidem
859 1805 981 1876 invedius
992 1829 1022 1867 es
1034 1807 1136 1868 ineam
1147 1808 1215 1864 Sto-

347 1909 453 1977 icorum
467 1909 612 1980 rationem,
625 1925 692 1985 quae
704 1905 739 1972 de
752 1904 924 1984 providentia
947 1905 1074 1972 Deorum
1097 1906 1136 1965 ab
1155 1903 1217 1969 illis

344 2001 505 2072 sanctiffime
517 2005 548 2062 &
559 2000 790 2080 providentiffime
799 2003 945 2064 constituta
956 2003 1002 2062 est.
1013 2005 1068 2063 Sed
1077 2001 1214 2082 quoniam

345 2096 551 2174 advesperascit,
569 2097 647 2154 dabis
659 2096 739 2153 nobis
759 2097 833 2164 diem
854 2098 986 2177 aliquem,
1009 2116 1149 2162 utcontra
1163 2087 1222 2158 ista'

345 2197 483 2258 dicamus:
515 2192 552 2254 est
573 2190 645 2252 enim
668 2190 738 2250 mihi
758 2207 847 2250 tecum
862 2215 914 2269 pro
927 2197 980 2256 aris
992 2199 1023 2257 &
1037 2197 1107 2256 focis
1119 2213 1214 2257 certa.

287 2280 296 2300 '
347 2316 423 2368 meu,
436 2295 467 2356 dc
480 2313 531 2370 pro
544 2291 669 2356 Deorum
679 2289 791 2367 templis
802 2305 881 2369 atque
894 2291 1027 2365 delubris,
1039 2312 1149 2371 proque
1162 2313 1213 2352 ur-

345 2396 389 2454 bis
403 2391 495 2466 muris,
506 2411 575 2468 quoa
586 2409 645 2462 vos,
657 2387 811 2466 pontifices,
829 2389 934 2454 faustos
956 2389 1009 2451 effe
1028 2387 1131 2468 dicitis,
1144 2393 1215 2456 dili,

256 2571 258 2576 Α
345 2489 502 2570 gentiuipue
514 2487 610 2546 urbem
627 2483 772 2566 religione,
794 2488 873 2564 qudm
886 2485 948 2566 ipsus
966 2485 1110 2548 moenibus
1121 2488 1215 2572 cingi,

346 2586 399 2656 ιῐες
419 2607 486 2664 quae
500 2582 587 2650 deseri
600 2583 614 2644 ai
627 2603 682 2653 me,
695 2583 761 2648 dum
774 2582 886 2660 quidem
900 2585 1000 2664 spirare
1012 2601 1120 2663 potero,
1133 2589 1216 2650 nefas

344 2686 446 2766 judico.
467 2685 544 2742 Tum
558 2681 652 2754 COtta,
665 2685 726 2764 Ego
740 2677 807 2744 verd
820 2687 850 2746 dt
861 2702 928 2763 opto
938 2683 1067 2766 redargui
1078 2705 1135 2760 me,
1145 2687 1214 2747 Bai-

347 2775 397 2846 be,
410 2779 440 2836 δε
453 2797 496 2847 ea,
509 2794 575 2854 quae
588 2773 731 2852 disputavi,
740 2776 868 2838 disserere
881 2775 965 2838 malui
976 2777 1055 2854 quim
1065 2776 1205 2857 judicare,
1337 2787 1338 2868 i

346 2878 375 2935 dt
390 2873 470 2933 facile
486 2895 528 2932 me
541 2874 555 2930 d
568 2889 594 2930 te
607 2869 680 2930 vinci
692 2873 767 2950 posse
778 2891 855 2934 certo
875 2873 938 2938 scio.
972 2875 1092 2956 Quippe,
1114 2879 1207 2961 inquit·
1337 2877 1338 2894 ¹

344 2976 371 3032 V
374 2973 480 3052 elicjus,
506 2969 550 3050 qui
567 2966 650 3036 etiam
663 2964 767 3031 somnia
779 2988 855 3049 putet
868 2973 902 3030 ad
915 2991 965 3030 uos
976 2972 1050 3032 mirri
1063 2974 1098 3033 ab
1109 2979 1201 3058 Jove:
1302 2990 1307 2998 '
1337 2985 1338 3002 ¹

344 3091 410 3149 quac
424 3070 477 3148 ipsa
492 3085 582 3141 tamen
595 3083 650 3128 tam
664 3066 736 3136 levia
749 3090 805 3132 nou
819 3072 888 3144 sunt,
901 3071 979 3149 quim
992 3072 1031 3130 est
1044 3051 1218 3137 Stoicorum*

343 3173 489 3235 denatura
510 3169 634 3232 Deorum
654 3167 754 3229 oratio.
784 3171 862 3234 Haec
880 3169 946 3230 cum
965 3167 1049 3230 essent
1061 3171 1146 3250 dicta,
1165 3175 1206 3244 ita

343 3266 516 3339 disceiimrus,
541 3281 570 3326 ut
589 3265 702 3346 Vellejo
721 3265 820 3324 Cottae
839 3265 986 3344 disputatio
1009 3265 1110 3344 verior,
1132 3251 1205 3344 mihi

343 3363 425 3423 ss'dlbi
443 3367 479 3434 ad
500 3363 621 3435 veritatis
639 3363 846 3436 similitudinem
867 3359 1006 3432 videretur
1018 3363 1071 3436 esse
1083 3389 1205 3447 propert,

340 3463 401 3534 im

1030 3659 1200 3733 FRAQ,
