2676 4368
324 467 371 551 68
463 469 529 550 Du
560 465 800 552 Neroni
829 467 1066 548 Dronun

386 621 451 680 Nec
473 615 539 681 verb
561 621 615 681 hae
637 617 745 691 stellae,
774 631 843 698 quae
867 617 1014 680 inerrantes
1033 629 1172 689 vomunt,
1189 605 1262 672 n‘m'

386 713 542 800 fignificant
559 719 676 778 eandem
697 733 818 777 mentem
837 734 916 796 atque
928 714 1118 796 prudentiam
1138 727 1247 791 quarum

387 815 428 875 est
440 815 590 891 cotidiana,
610 813 787 891 conveniens,
815 815 991 894 constansque
1003 809 1150 876 conversio.
1190 813 1249 870 Noc

389 909 494 972 habent
507 911 645 974 aetherios
656 913 750 974 cursus
762 931 845 992 neque
857 913 936 973 caelo
950 913 1133 984 inhaerentes,
1152 925 1181 970 ut
1193 907 1249 986 ple·e

387 1006 465 1094 rique
476 1009 573 1072 dicunt
583 1008 711 1090 physicae
726 1009 841 1073 rationis
852 1006 948 1095 ignari.
988 1010 1056 1069 Non
1068 1007 1107 1067 est
1116 1006 1191 1066 enim
1205 1025 1250 1061 ae·

390 1105 476 1166 theris
488 1127 520 1166 ea
533 1123 641 1183 natura,
660 1125 691 1170 ut
701 1107 729 1170 vi
740 1109 785 1169 sua
797 1109 887 1171 stellas
899 1108 1043 1188 complexa
1055 1120 1248 1191 contorqueat:

385 1218 460 1272 nam,
472 1201 572 1278 tenuis,
601 1223 634 1264 ac
655 1205 810 1284 perlucens.
839 1207 870 1267 δι
883 1199 1021 1283 aequabili
1032 1203 1126 1262 calore
1139 1199 1248 1260 suffirsns

386 1297 493 1372 aether,
515 1315 572 1364 non
594 1297 656 1361 satis
676 1316 754 1380 apnrs
774 1303 810 1362 ad
832 1299 925 1360 stellas
944 1298 1125 1360 contmendn
1137 1295 1250 1356 videtur.

389 1396 502 1460 Habent
515 1399 600 1480 igitur
612 1402 685 1464 suam
700 1399 842 1480 sphaeram
855 1395 951 1462 llellae
960 1394 1109 1460 inerrantes
1118 1394 1254 1456 abaethr-

385 1485 428 1554 ‘ria
453 1497 647 1578 conjundione
670 1501 799 1560 secretam
820 1499 1001 1562 &liberam
1040 1495 1145 1554 Earum
1163 1501 1251 1552 amem

290 1665 292 1672 γ
389 1609 523 1667 perennes
535 1595 626 1656 cursus
637 1613 719 1674 atque
731 1595 867 1675 perpetui,
893 1615 959 1656 cum
980 1590 1140 1653 admirabili
1166 1591 1253 1650 incre-

361 1705 363 1712 ‘
389 1683 524 1768 dibilique
547 1689 708 1767 constantia,
736 1691 878 1753 declarant
900 1692 929 1752 in
950 1691 994 1751 his
1013 1688 1069 1749 vim
1088 1689 1120 1750 te
1135 1683 1252 1747 mentem

388 1781 443 1848 etse
463 1787 603 1874 divinum:
633 1807 675 1866 ut,
705 1793 774 1852 haec
796 1791 852 1872 ipsa
877 1790 921 1876 qui
942 1811 999 1851 non
1019 1787 1116 1849 sentiat
1130 1788 1251 1847 Deorum

391 1881 450 1944 vim
475 1885 589 1964 habere,
617 1889 640 1949 is
664 1887 738 1949 nihil
765 1887 880 1949 omnino
901 1887 1021 1948 sensurus
1042 1884 1096 1946 elle
1118 1882 1251 1943 videatur.

387 1977 480 2040 Nulla
506 1983 648 2064 igitur‘in
672 1985 752 2048 caelo
783 2007 835 2048 nec
867 1984 986 2060 fortuma,
1021 2002 1073 2042 nec
1105 1976 1253 2046 temeritas,

386 2090 441 2131 nec
459 2077 572 2147 erratio,
595 2099 654 2156 *nec
666 2084 782 2140 varietas
795 2073 885 2142 inest:
913 2096 1061 2155 contraque
1072 2077 1165 2159 omnis
1176 2075 1253 2143 ordo,
1315 1993 1318 2180 l

388 2165 499 2244 veritas,
518 2169 599 2244 ratio,
617 2173 787 2233 constantia:
806 2195 927 2252 quaeque
940 2173 984 2233 his
995 2188 1103 2244 vacant,
1122 2167 1253 2230 ementita

387 2261 419 2324 dt
434 2261 498 2323 filsa
511 2264 644 2344 plenaque
657 2268 759 2328 erroris
768 2285 839 2327 eunt
860 2269 964 2329 circum
988 2283 1084 2338 terras,
1113 2265 1187 2324 infra
1213 2265 1253 2323 lu-

388 2377 453 2419 nam
461 2377 531 2439 quae
538 2359 663 2421 omnium
673 2361 772 2422 ultima
780 2363 866 2438 est,in
883 2364 1013 2443 terrisque
1020 2357 1168 2421 veriuntur.
1186 2359 1255 2418 Cae·

352 2482 354 2486 ¹
384 2456 485 2536 ¹lestem
506 2477 575 2539 ergo
592 2457 785 2520 admirabilem
798 2457 923 2522 ordinem
936 2455 1179 2532 incredibilemque
1190 2474 1254 2514 con-

387 2553 525 2627 stantiam,
549 2575 585 2614 er
603 2577 654 2633 qua
677 2556 848 2619 conservatio
870 2561 902 2620 bt
923 2559 996 2625 salue
1015 2549 1143 2616 omnium
1167 2549 1252 2612 omnis

388 2647 488 2724 orimr,
514 2654 562 2732 qui
582 2676 678 2716 vacare
700 2674 791 2718 mente
813 2673 899 2738 putat,
929 2653 1026 2734 isipse
1044 2652 1145 2730 mentis
1159 2657 1252 2731 expers

390 2748 530 2814 habendus
551 2753 598 2814 est.
637 2756 721 2815 Haud
742 2777 823 2840 ergo,
850 2771 880 2818 ut
901 2753 1011 2834 opinor,
1039 2775 1181 2829 erravero,
1195 2751 1251 2840 [lt
1312 2829 1313 2834 η

394 2847 517 2930 principe
530 2851 733 2936 investigandae
743 2855 876 2930 veritatis,
895 2854 973 2934 hujus
981 2852 1170 2930 disputationis
1182 2854 1252 2932 prin·

287 2961 294 2974 ‘
334 2961 371 3006 22
391 2947 495 3028 cipium
518 2953 652 3015 duxero·
672 2957 758 3016 Zeno·
773 2953 859 3038 igitur
883 2971 1008 3015 naturam
1030 2952 1068 3013 ita
1089 2952 1201 3030 delinit,
1227 2967 1253 3015 ut

390 3065 451 3108 eam
474 3047 558 3124 dicat,
584 3049 678 3133 ignem
696 3049 750 3114 else
770 3051 945 3113 artificiosum
957 3052 992 3110 ad
1004 3049 1175 3132 gignendum
1188 3071 1249 3132 pro-

298 3213 300 3218 ,
389 3147 559 3228 gredientem
569 3146 817 3210 viazcensetenim
827 3147 893 3210 artie
901 3147 1026 3210 maxumi
1035 3147 1180 3226 proprium
1189 3147 1252 3222 else,
1310 3179 1311 3249 p

390 3265 484 3306 creare
506 3247 537 3309 bt
559 3243 673 3327 gignere
684 3268 693 3320 ;
712 3250 838 3328 quodque
852 3248 880 3306 in
893 3246 1021 3326 operibus
1034 3245 1135 3306 artium
1148 3248 1250 3308 nostra·

388 3363 450 3403 rum
473 3361 568 3404 manus
588 3340 701 3420 efficiat,
729 3345 758 3403 id
772 3343 860 3406 multo
872 3342 1043 3404 artifietofins
1054 3360 1180 3402 naturam
1192 3341 1253 3404 effi·
1309 3345 1310 3401 l

388 3417 462 3509 ceri,
480 3435 571 3510 idest,
588 3452 619 3499 ut
629 3437 699 3509 dixi,
716 3439 808 3522 ignem
821 3435 1011 3510 artificiosum,
1039 3436 1197 3520 magistrum
1208 3457 1251 3494 ar·

388 3532 456 3595 tium
481 3531 665 3612 reliquarum..
701 3537 791 3616 Atque
818 3536 871 3596 hac
892 3533 1004 3612 quidem
1030 3531 1135 3594 ratione
1162 3530 1253 3592 omnis

389 3647 493 3707 natura,
521 3631 665 3695 artificiosa
677 3633 739 3706 ell3
765 3631 839 3711 quod
850 3629 935 3694 haber
945 3628 1017 3712 quast
1031 3629 1103 3694 viam
1114 3628 1248 3708 quandam
1307 3621 1308 3708 l
