2694 4428
212 373 217 384 ’
308 387 388 488 '140
471 365 818 460 Da'NauuuA
846 382 1091 474 Duouum

363 551 481 618 praetor.
518 531 617 612 Quid?
634 529 873 612 rejudicenmqui
886 533 1053 596 tabularium
1061 533 1215 596 metuerit

363 633 449 718 Qud
467 632 573 692 belum
586 631 741 694 ocurltirul
776 633 860 694 Atse
880 635 922 716 Q
939 634 1216 714 Socius,sp1endidus

362 755 441 816 equus
452 734 598 794 Romanus
614 728 661 794 ex'
673 753 741 814 agro
760 731 877 807 Pioeuo,
904 731 997 794 secille
1016 733 1146 794 coufessus
1166 733 1211 798 eli

360 835 420 918 Qui
431 831 612 914 ranseripserit
630 832 737 893 tabulas
757 831 892 910 puliicab.
931 834 966 893 ld
978 854 1084 913 quoque
1096 833 1130 893 L.
1143 833 1215 892 Ale»

359 954 412 996 nur
422 930 500 1006 fecit,
517 931 582 992 cium
595 927 811 1010 drirogruphum
820 925 1029 1008 Sexprimomm
1041 930 1157 992 imitatus
1166 928 1212 988 est.

359 1031 436 1114 Quid
447 1030 503 1088 boc
514 1022 628 1087 humine
641 1022 802 1084 sollertius?
837 1024 982 1107 Cognosce
1000 1025 1068 1086 alias
1085 1019 1213 1104 quaestiu-

358 1151 417 1203 nes,
434 1120 655 1197 auriTolosani,
672 1120 867 1202 coujuratioub
878 1123 1071 1206 Jugurtbinae.
1108 1123 1222 1200 Repete-

356 1223 495 1307 superiora
502 1243 512 1295 3
523 1219 635 1282 Tubuli
645 1219 681 1279 de
693 1219 896 1299 pemmiaoepta
908 1220 947 1279 ob
959 1241 1018 1280 rem
1027 1219 1212 1302 judiuundam:

354 1322 514 1410 posteriora,
532 1321 567 1382 de
586 1319 691 1380 incestu
712 1318 856 1401 rogatione
878 1320 1053 1400 l'educaea:⁵
1069 1335 1130 1379 tum
1148 1320 1216 1380 haec
1336 1330 1339 1370 ἓ

353 1421 504 1496 cotidiana,
523 1418 605 1493 sacae,
624 1417 735 1491 veneni,
754 1415 912 1494 peculatus,
931 1413 1217 1476 testamentommeti-
1339 1439 1340 1446 ¹

289 1504 295 1518 ⁵
355 1545 402 1586 am
414 1522 477 1602 lege
490 1540 562 1581 nova
574 1517 756 1598 quaestiones
793 1515 864 1576 lude
876 1513 928 1575 ulla
940 1517 1026 1589 abbo
1054 1536 1117 1576 οη
1139 1533 1219 1576 cotu-

352 1641 514 1694 srutouuu
531 1636 600 1677 τυο
625 1635 763 1676 aunuum
788 1636 846 1674 mu
871 1635 1005 1675 auc-rum
1030 1637 1121 1677 assu.
1146 1615 1208 1682 inde

263 1736 267 1746 ’
353 1737 397 1783 tot
414 1715 565 1801 judiciale
585 1713 642 1774 fide
662 1713 748 1788 mala,
766 1712 883 1788 tutelae,
901 1713 1035 1787 mandati,
1055 1735 1109 1793 pro
1130 1683 1219 1775 socio

351 1815 490 1887 fiduciae;
509 1810 623 1890 reliqua,
634 1831 700 1891 quae
712 1830 747 1870 ex
760 1824 867 1890 empto,
885 1825 934 1870 aut
946 1811 1072 1884 uendrto
1093 1827 1217 1872 autcon-

349 1916 447 1990 dubio,
465 1930 511 1976 aut
522 1912 616 1972 locato
627 1927 725 1972 contra
741 1907 826 1970 fidem
840 1906 928 1970 liunt:
942 1909 1008 1970 inde
1017 1909 1155 1990 judicium
1167 1929 1217 1989 pu-

348 2011 454 2076 blicum
476 2008 518 2068 rei
537 2009 661 2085 privatae
683 2008 747 2089 lege
768 2006 916 2070 Laetoria:
950 2007 1014 2069 inde
1027 2007 1216 2071 everriculum

347 2103 517 2172 malitiarum
528 2104 664 2177 omnium,
680 2106 815 2183 judicium
834 2109 870 2166 de
891 2105 960 2166 dolo
982 2107 1076 2178 mulo;
1095 2105 1215 2188 quodG
1336 2155 1338 2164 .

348 2202 503 2286 Aquillius,
522 2199 666 2260 familiaris
687 2199 790 2273 noller,
807 2203 932 2276 protulit.
971 2205 1065 2283 Quem
1078 2207 1178 2264 dolum
1192 2202 1217 2262 i-

290 2301 293 2310 ’
348 2308 414 2368 dem
433 2299 578 2381 Aquillius
596 2315 656 2358 tum
677 2297 871 2376 temetipum,
887 2301 954 2358 cium
966 2299 1045 2359 aliud
1058 2298 1091 2358 fit
1103 2299 1219 2360 fimula-

346 2423 419 2479 trum,
436 2403 514 2463 aliud
527 2401 629 2462 aetum.
668 2399 750 2458 Hanc
762 2395 846 2480 igitur
866 2412 971 2458 tantam
984 2399 998 2456 i
1011 2397 1066 2459 Dis
1082 2399 1218 2460 inmorta-

336 2500 420 2572 libus
431 2501 598 2561 arbitramur
610 2495 749 2556 malorum
762 2495 907 2558 sementem
916 2494 971 2558 esse
982 2498 1103 2560 fabiam?
1142 2500 1174 2560 Si
1186 2522 1217 2580 e-

347 2599 407 2662 nim
419 2596 554 2658 rationem
567 2589 729 2650 bominibus
740 2589 780 2650 Di
794 2593 933 2653 dederunt
939 2615 948 2666 ;
978 2595 1119 2656 malitiam
1132 2597 1219 2658 dede·

345 2710 429 2757 runt=
450 2691 488 2752 est
501 2687 576 2750 euim
590 2687 708 2763 malitia,
727 2689 834 2750 versuta
845 2692 878 2752 δε
891 2691 977 2754 sallax
991 2694 1065 2754 ratio
1083 2698 1215 2760 nocendi.

345 2790 438 2853 iidem
454 2783 539 2848 etiam
563 2785 604 2851 Di
616 2785 741 2848 fraudem
762 2786 907 2864 dedemnt,
925 2785 1042 2862 faeirtus,
1059 2804 1218 2872 ceteraque,
1339 2858 1340 2872 χ

345 2908 464 2969 quorum
476 2883 548 2948 nihil
562 2905 614 2946 uec
626 2883 720 2963 suscipi
739 2881 795 2946 stne
817 2885 923 2949 ratione
942 2905 994 2950 nec
1016 2883 1092 2949 effici
1112 2893 1212 2969 potest.

343 2992 445 3054 witam
458 2979 551 3066 igitur,
570 2997 601 3042 ut
612 2981 737 3044 illaauus
749 2999 838 3060 optat,

479 3103 508 3142 ne
522 3091 550 3144 in
561 3105 651 3144 nemora
663 3085 730 3146 Pelio
739 3085 858 3164 securibus

399 3182 476 3262 Caesa
487 3186 605 3263 cetidlffet
616 3183 719 3260 abiegna
731 3188 768 3242 ad
776 3199 868 3244 terram
879 3187 979 3246 trabes:

344 3279 382 3341 sic
403 3279 481 3340 iliam
502 3279 685 3340 calliditatem
708 3279 865 3342 hominibus
884 3280 924 3342 Di
937 3303 973 3342 ne
984 3279 1135 3344 dedissent!
1156 3306 1211 3364 qua

342 3375 472 3456 perpauci
486 3375 556 3437 ben'e'
569 3393 702 3450 utuntur·
730 3377 778 3457 qui
797 3375 889 3439 tamen
903 3378 951 3459 ipfi
966 3379 1042 3458 saepe
1055 3383 1070 3440 al
1084 3381 1158 3442 mali
1178 3402 1212 3442 u-

342 3465 477 3536 tentibus
474 3475 688 3554 opprimuntur:
707 3477 919 3540 innumerabiles
932 3497 1027 3549 autem
1046 3480 1162 3561 inprobe
1175 3502 1207 3540 u-

344 3587 458 3635 uratur·
486 3591 518 3635 ut
528 3575 631 3640 donum
643 3577 699 3639 hoc
711 3576 837 3642 divinum
850 3577 964 3644 rationis
981 3582 1013 3645 bt
1033 3578 1149 3651 consilii,
1168 3579 1207 3639 ad

1080 3673 1208 3738 fraudem
