<?xml version="1.0" encoding="UTF-8"?>
<!DOCTYPE html PUBLIC "-//W3C//DTD XHTML 1.0 Transitional//EN"
    "http://www.w3.org/TR/xhtml1/DTD/xhtml1-transitional.dtd">
<html xmlns="http://www.w3.org/1999/xhtml" xml:lang="en" lang="en">
 <head>
  <title>
</title>
<meta http-equiv="Content-Type" content="text/html;charset=utf-8" />
  <meta name='ocr-system' content='tesseract 3.04.00' />
  <meta name='ocr-capabilities' content='ocr_page ocr_carea ocr_par ocr_line ocrx_word'/>
</head>
<body>
  <div class='ocr_page' id='page_1' title='image "./mtulliiciceroni112cicegoog/mtulliiciceroni112cicegoog_0056.png"; bbox 0 0 2676 4368; ppageno 0'>
   <div class='ocr_carea' id='block_1_1' title="bbox 339 363 1104 467">
    <p class='ocr_par' dir='ltr' id='par_1_1' title="bbox 339 363 1104 467">
     <span class='ocr_line' id='line_1_1' title="bbox 339 363 1104 467; baseline 0.01 -23"><span class='ocrx_word' id='word_1_1' title='bbox 339 388 390 467; x_wconf 89' lang='lat'><strong>50</strong></span> <span class='ocrx_word' id='word_1_2' title='bbox 475 363 540 446; x_wconf 79' lang='lat' dir='ltr'><strong>Du</strong></span> <span class='ocrx_word' id='word_1_3' title='bbox 583 365 823 448; x_wconf 73' lang='lat' dir='ltr'><strong>Nn‘runn</strong></span> <span class='ocrx_word' id='word_1_4' title='bbox 864 371 1104 452; x_wconf 75' lang='lat' dir='ltr'><strong>Deonun</strong></span> 
     </span>
    </p>
   </div>
   <div class='ocr_carea' id='block_1_2' title="bbox 193 511 1311 3728">
    <p class='ocr_par' dir='ltr' id='par_1_2' title="bbox 309 511 1310 1682">
     <span class='ocr_line' id='line_1_2' title="bbox 393 511 1310 600; baseline 0.014 -26"><span class='ocrx_word' id='word_1_5' title='bbox 393 511 575 594; x_wconf 67' lang='lat' dir='ltr'><strong>adstiuillent,</strong></span> <span class='ocrx_word' id='word_1_6' title='bbox 593 515 798 598; x_wconf 63' lang='lat' dir='ltr'><strong>srregomnino</strong></span> <span class='ocrx_word' id='word_1_7' title='bbox 811 519 1008 600; x_wconf 57' lang='lat' dir='ltr'><strong>repudiantium</strong></span> <span class='ocrx_word' id='word_1_8' title='bbox 1039 543 1075 584; x_wconf 83' lang='lat' dir='ltr'><strong>ne</strong></span> <span class='ocrx_word' id='word_1_9' title='bbox 1103 517 1256 586; x_wconf 68' lang='lat' dir='ltr'><strong>domeliicir⁴</strong></span> <span class='ocrx_word' id='word_1_10' title='bbox 1309 522 1310 532; x_wconf 71' lang='grc'>’</span> 
     </span>
     <span class='ocr_line' id='line_1_3' title="bbox 393 611 1248 700; baseline 0.005 -26"><span class='ocrx_word' id='word_1_11' title='bbox 393 611 504 690; x_wconf 82' lang='lat' dir='ltr'><strong>quidem</strong></span> <span class='ocrx_word' id='word_1_12' title='bbox 529 612 666 694; x_wconf 78' lang='lat' dir='ltr'><strong>exemplis</strong></span> <span class='ocrx_word' id='word_1_13' title='bbox 689 613 768 674; x_wconf 77' lang='lat' dir='ltr'><strong>doen</strong></span> <span class='ocrx_word' id='word_1_14' title='bbox 792 616 1040 683; x_wconf 71' lang='lat' dir='ltr'><strong>murteo-Dounon</strong></span> <span class='ocrx_word' id='word_1_15' title='bbox 1061 620 1248 700; x_wconf 79' lang='lat' dir='ltr'><strong>comprobabi-</strong></span> 
     </span>
     <span class='ocr_line' id='line_1_4' title="bbox 394 709 1248 796; baseline 0.007 -26"><span class='ocrx_word' id='word_1_16' title='bbox 394 717 479 770; x_wconf 74' lang='lat' dir='ltr'><strong>mus!</strong></span> <span class='ocrx_word' id='word_1_17' title='bbox 507 711 592 774; x_wconf 87' lang='lat' dir='ltr'><strong>Nihil</strong></span> <span class='ocrx_word' id='word_1_18' title='bbox 604 733 656 774; x_wconf 78' lang='lat' dir='ltr'><strong>nos</strong></span> <span class='ocrx_word' id='word_1_19' title='bbox 667 712 698 772; x_wconf 87' lang='lat' dir='ltr'><strong>P.</strong></span> <span class='ocrx_word' id='word_1_20' title='bbox 710 709 824 787; x_wconf 79' lang='lat' dir='ltr'><strong>Cleudi,</strong></span> <span class='ocrx_word' id='word_1_21' title='bbox 841 713 921 774; x_wconf 89' lang='lat' dir='ltr'><strong>bello</strong></span> <span class='ocrx_word' id='word_1_22' title='bbox 933 715 1038 776; x_wconf 82' lang='lat' dir='ltr'><strong>Punico</strong></span> <span class='ocrx_word' id='word_1_23' title='bbox 1050 719 1152 796; x_wconf 85' lang='lat' dir='ltr'><strong>primo,</strong></span> <span class='ocrx_word' id='word_1_24' title='bbox 1170 735 1248 778; x_wconf 79' lang='lat' dir='ltr'><strong>teme-</strong></span> 
     </span>
     <span class='ocr_line' id='line_1_5' title="bbox 394 809 1247 892; baseline 0.004 -18"><span class='ocrx_word' id='word_1_25' title='bbox 394 812 462 877; x_wconf 76' lang='lat' dir='ltr'><strong>ritas</strong></span> <span class='ocrx_word' id='word_1_26' title='bbox 474 812 608 889; x_wconf 76' lang='lat' dir='ltr'><strong>novebit,</strong></span> <span class='ocrx_word' id='word_1_27' title='bbox 625 809 673 890; x_wconf 92' lang='lat' dir='ltr'><strong>qui</strong></span> <span class='ocrx_word' id='word_1_28' title='bbox 684 809 767 872; x_wconf 90' lang='lat' dir='ltr'><strong>etiam</strong></span> <span class='ocrx_word' id='word_1_29' title='bbox 780 833 830 892; x_wconf 78' lang='lat' dir='ltr'><strong>pes</strong></span> <span class='ocrx_word' id='word_1_30' title='bbox 838 813 933 892; x_wconf 85' lang='lat' dir='ltr'><strong>jocum</strong></span> <span class='ocrx_word' id='word_1_31' title='bbox 944 813 1023 874; x_wconf 73' lang='lat' dir='ltr'><strong>Deo·</strong></span> <span class='ocrx_word' id='word_1_32' title='bbox 1034 814 1166 890; x_wconf 79' lang='lat' dir='ltr'>inridens,</span> <span class='ocrx_word' id='word_1_33' title='bbox 1187 815 1247 876; x_wconf 71' lang='lat' dir='ltr'><strong>clim</strong></span> 
     </span>
     <span class='ocr_line' id='line_1_6' title="bbox 335 907 1246 995; baseline -0.002 -24"><span class='ocrx_word' id='word_1_34' title='bbox 335 972 341 979; x_wconf 74' lang='grc'><strong>,</strong></span> <span class='ocrx_word' id='word_1_35' title='bbox 390 929 475 976; x_wconf 80' lang='lat' dir='ltr'><strong>cavea</strong></span> <span class='ocrx_word' id='word_1_36' title='bbox 495 909 606 974; x_wconf 85' lang='lat' dir='ltr'><strong>liberati</strong></span> <span class='ocrx_word' id='word_1_37' title='bbox 624 907 699 988; x_wconf 86' lang='lat' dir='ltr'><strong>pulli</strong></span> <span class='ocrx_word' id='word_1_38' title='bbox 719 931 776 972; x_wconf 88' lang='lat' dir='ltr'><strong>non</strong></span> <span class='ocrx_word' id='word_1_39' title='bbox 799 910 980 992; x_wconf 73' lang='lat' dir='ltr'><strong>pascerentur,</strong></span> <span class='ocrx_word' id='word_1_40' title='bbox 1011 917 1102 995; x_wconf 77' lang='lat' dir='ltr'><strong>mergi</strong></span> <span class='ocrx_word' id='word_1_41' title='bbox 1121 938 1168 978; x_wconf 87' lang='lat' dir='ltr'><strong>eos</strong></span> <span class='ocrx_word' id='word_1_42' title='bbox 1180 919 1208 980; x_wconf 89' lang='lat' dir='ltr'><strong>in</strong></span> <span class='ocrx_word' id='word_1_43' title='bbox 1219 942 1246 980; x_wconf 83' lang='lat' dir='ltr'><strong>a.</strong></span> 
     </span>
     <span class='ocr_line' id='line_1_7' title="bbox 393 1005 1247 1097; baseline 0.007 -27"><span class='ocrx_word' id='word_1_44' title='bbox 393 1029 477 1087; x_wconf 79' lang='lat' dir='ltr'><strong>quam</strong></span> <span class='ocrx_word' id='word_1_45' title='bbox 495 1007 587 1088; x_wconf 77' lang='lat' dir='ltr'><strong>inllit;</strong></span> <span class='ocrx_word' id='word_1_46' title='bbox 616 1021 648 1066; x_wconf 89' lang='lat' dir='ltr'><strong>ut</strong></span> <span class='ocrx_word' id='word_1_47' title='bbox 668 1005 806 1084; x_wconf 84' lang='lat' dir='ltr'>biberent,</span> <span class='ocrx_word' id='word_1_48' title='bbox 833 1009 961 1088; x_wconf 85' lang='lat' dir='ltr'><strong>qnoniam</strong></span> <span class='ocrx_word' id='word_1_49' title='bbox 975 1011 1030 1074; x_wconf 82' lang='lat' dir='ltr'><strong>effe</strong></span> <span class='ocrx_word' id='word_1_50' title='bbox 1041 1015 1159 1076; x_wconf 87' lang='lat' dir='ltr'><strong>nollent.</strong></span> <span class='ocrx_word' id='word_1_51' title='bbox 1199 1017 1247 1097; x_wconf 73' lang='lat' dir='ltr'><strong>Qi</strong></span> 
     </span>
     <span class='ocr_line' id='line_1_8' title="bbox 392 1098 1251 1191; baseline 0.006 -25"><span class='ocrx_word' id='word_1_52' title='bbox 392 1103 472 1178; x_wconf 68' lang='lat' dir='ltr'><strong>risun</strong></span> <span class='ocrx_word' id='word_1_53' title='bbox 488 1101 571 1165; x_wconf 81' lang='lat' dir='ltr'><strong>dalle</strong></span> <span class='ocrx_word' id='word_1_54' title='bbox 583 1098 698 1177; x_wconf 59' lang='lat' dir='ltr'><strong>uolua,</strong></span> <span class='ocrx_word' id='word_1_55' title='bbox 717 1103 818 1166; x_wconf 82' lang='lat' dir='ltr'><strong>multas</strong></span> <span class='ocrx_word' id='word_1_56' title='bbox 830 1100 879 1184; x_wconf 89' lang='lat' dir='ltr'><strong>ipli</strong></span> <span class='ocrx_word' id='word_1_57' title='bbox 892 1105 1041 1187; x_wconf 74' lang='lat' dir='ltr'><strong>lacrymae,</strong></span> <span class='ocrx_word' id='word_1_58' title='bbox 1067 1129 1195 1191; x_wconf 86' lang='lat' dir='ltr'><strong>magnam</strong></span> <span class='ocrx_word' id='word_1_59' title='bbox 1207 1132 1251 1190; x_wconf 94' lang='lat' dir='ltr'><strong>po-</strong></span> 
     </span>
     <span class='ocr_line' id='line_1_9' title="bbox 393 1199 1250 1290; baseline 0.006 -26"><span class='ocrx_word' id='word_1_60' title='bbox 393 1200 464 1284; x_wconf 90' lang='lat' dir='ltr'><strong>pulo</strong></span> <span class='ocrx_word' id='word_1_61' title='bbox 486 1201 619 1262; x_wconf 89' lang='lat' dir='ltr'><strong>Romano</strong></span> <span class='ocrx_word' id='word_1_62' title='bbox 644 1201 753 1262; x_wconf 78' lang='lat' dir='ltr'>cladem</span> <span class='ocrx_word' id='word_1_63' title='bbox 777 1203 886 1264; x_wconf 85' lang='lat' dir='ltr'><strong>adtulit.</strong></span> <span class='ocrx_word' id='word_1_64' title='bbox 924 1199 1035 1286; x_wconf 69' lang='lat' dir='ltr'><strong>Qidr</strong></span> <span class='ocrx_word' id='word_1_65' title='bbox 1065 1207 1176 1290; x_wconf 77' lang='lat' dir='ltr'>collega</span> <span class='ocrx_word' id='word_1_66' title='bbox 1200 1211 1250 1289; x_wconf 78' lang='lat' dir='ltr'><strong>ejus</strong></span> 
     </span>
     <span class='ocr_line' id='line_1_10' title="bbox 395 1298 1253 1388; baseline 0.006 -27"><span class='ocrx_word' id='word_1_67' title='bbox 395 1300 509 1388; x_wconf 79' lang='lat' dir='ltr'><strong>Juniuo,</strong></span> <span class='ocrx_word' id='word_1_68' title='bbox 533 1301 633 1362; x_wconf 89' lang='lat' dir='ltr'><strong>eodem</strong></span> <span class='ocrx_word' id='word_1_69' title='bbox 645 1298 735 1374; x_wconf 84' lang='lat' dir='ltr'><strong>bello,</strong></span> <span class='ocrx_word' id='word_1_70' title='bbox 746 1303 748 1308; x_wconf 83' lang='lat'>&#39;</span> <span class='ocrx_word' id='word_1_71' title='bbox 761 1317 854 1362; x_wconf 85' lang='lat' dir='ltr'><strong>nonne</strong></span> <span class='ocrx_word' id='word_1_72' title='bbox 867 1302 1026 1382; x_wconf 82' lang='lat' dir='ltr'><strong>tempestate</strong></span> <span class='ocrx_word' id='word_1_73' title='bbox 1036 1304 1148 1366; x_wconf 81' lang='lat' dir='ltr'><strong>clallem</strong></span> <span class='ocrx_word' id='word_1_74' title='bbox 1162 1305 1253 1379; x_wconf 69' lang='lat' dir='ltr'><strong>urrisu,</strong></span> 
     </span>
     <span class='ocr_line' id='line_1_11' title="bbox 395 1395 1253 1484; baseline 0.002 -20"><span class='ocrx_word' id='word_1_75' title='bbox 395 1405 463 1468; x_wconf 75' lang='lat' dir='ltr'><strong>cuim</strong></span> <span class='ocrx_word' id='word_1_76' title='bbox 474 1398 601 1480; x_wconf 77' lang='lat' dir='ltr'><strong>auspiciis</strong></span> <span class='ocrx_word' id='word_1_77' title='bbox 612 1419 670 1462; x_wconf 88' lang='lat' dir='ltr'><strong>non</strong></span> <span class='ocrx_word' id='word_1_78' title='bbox 682 1395 811 1480; x_wconf 79' lang='lat' dir='ltr'><strong>paruillet</strong></span> <span class='ocrx_word' id='word_1_79' title='bbox 823 1407 834 1460; x_wconf 74' lang='lat' dir='ltr'><strong>t</strong></span> <span class='ocrx_word' id='word_1_80' title='bbox 863 1400 959 1480; x_wconf 87' lang='lat' dir='ltr'><strong>Itaque</strong></span> <span class='ocrx_word' id='word_1_81' title='bbox 979 1403 1117 1466; x_wconf 83' lang='lat' dir='ltr'><strong>Claudius</strong></span> <span class='ocrx_word' id='word_1_82' title='bbox 1128 1404 1144 1466; x_wconf 72' lang='lat' dir='ltr'><strong>i</strong></span> <span class='ocrx_word' id='word_1_83' title='bbox 1156 1406 1253 1484; x_wconf 88' lang='lat' dir='ltr'><strong>populo</strong></span> 
     </span>
     <span class='ocr_line' id='line_1_12' title="bbox 395 1497 1252 1581; baseline 0.004 -20"><span class='ocrx_word' id='word_1_84' title='bbox 395 1501 595 1562; x_wconf 77' lang='lat' dir='ltr'><strong>condemnatur</strong></span> <span class='ocrx_word' id='word_1_85' title='bbox 616 1497 684 1559; x_wconf 81' lang='lat' dir='ltr'><strong>est:</strong></span> <span class='ocrx_word' id='word_1_86' title='bbox 715 1497 816 1580; x_wconf 78' lang='lat' dir='ltr'><strong>Junius</strong></span> <span class='ocrx_word' id='word_1_87' title='bbox 839 1517 936 1560; x_wconf 71' lang='lat' dir='ltr'><strong>omem</strong></span> <span class='ocrx_word' id='word_1_88' title='bbox 961 1499 1013 1560; x_wconf 84' lang='lat' dir='ltr'><strong>fibi</strong></span> <span class='ocrx_word' id='word_1_89' title='bbox 1037 1501 1094 1581; x_wconf 77' lang='lat' dir='ltr'><strong>ipse</strong></span> <span class='ocrx_word' id='word_1_90' title='bbox 1119 1501 1252 1566; x_wconf 72' lang='lat' dir='ltr'><strong>conscivit</strong></span> 
     </span>
     <span class='ocr_line' id='line_1_13' title="bbox 309 1585 1250 1682; baseline 0.002 -23"><span class='ocrx_word' id='word_1_91' title='bbox 309 1639 316 1648; x_wconf 89' lang='lat'>.</span> <span class='ocrx_word' id='word_1_92' title='bbox 394 1599 430 1660; x_wconf 91' lang='lat' dir='ltr'><strong>c.</strong></span> <span class='ocrx_word' id='word_1_93' title='bbox 443 1595 616 1658; x_wconf 66' lang='lat' dir='ltr'><strong>Flaminium</strong></span> <span class='ocrx_word' id='word_1_94' title='bbox 626 1595 886 1679; x_wconf 60' lang='lat' dir='ltr'><strong>caeliumrrgnne</strong></span> <span class='ocrx_word' id='word_1_95' title='bbox 898 1597 1026 1682; x_wconf 70' lang='lat' dir='ltr'><strong>negem</strong></span> <span class='ocrx_word' id='word_1_96' title='bbox 1036 1585 1167 1665; x_wconf 71' lang='lat' dir='ltr'><strong>cecum</strong></span> <span class='ocrx_word' id='word_1_97' title='bbox 1188 1600 1250 1680; x_wconf 72' lang='lat' dir='ltr'><strong>apud</strong></span> 
     </span>
    </p>

    <p class='ocr_par' dir='ltr' id='par_1_3' title="bbox 193 1693 1306 3147">
     <span class='ocr_line' id='line_1_14' title="bbox 394 1693 1306 1779; baseline 0.002 -19"><span class='ocrx_word' id='word_1_98' title='bbox 394 1695 610 1772; x_wconf 79' lang='lat' dir='ltr'><strong>Thrafimenum</strong></span> <span class='ocrx_word' id='word_1_99' title='bbox 629 1693 723 1758; x_wconf 72' lang='lat' dir='ltr'><strong>eribo</strong></span> <span class='ocrx_word' id='word_1_100' title='bbox 743 1717 807 1760; x_wconf 80' lang='lat' dir='ltr'><strong>curn</strong></span> <span class='ocrx_word' id='word_1_101' title='bbox 829 1718 930 1779; x_wconf 80' lang='lat' dir='ltr'><strong>magno</strong></span> <span class='ocrx_word' id='word_1_102' title='bbox 951 1699 1122 1778; x_wconf 86' lang='lat' dir='ltr'><strong>reipublicae</strong></span> <span class='ocrx_word' id='word_1_103' title='bbox 1134 1702 1251 1764; x_wconf 76' lang='lat' dir='ltr'><strong>volnere</strong></span> <span class='ocrx_word' id='word_1_104' title='bbox 1303 1725 1306 1732; x_wconf 93' lang='lat'>·</span> 
     </span>
     <span class='ocr_line' id='line_1_15' title="bbox 394 1791 1251 1882; baseline 0.009 -28"><span class='ocrx_word' id='word_1_105' title='bbox 394 1799 523 1879; x_wconf 80' lang='lat' dir='ltr'><strong>onrum</strong></span> <span class='ocrx_word' id='word_1_106' title='bbox 534 1791 622 1856; x_wconf 85' lang='lat' dir='ltr'><strong>exitio</strong></span> <span class='ocrx_word' id='word_1_107' title='bbox 637 1791 759 1876; x_wconf 80' lang='lat' dir='ltr'><strong>intelligi</strong></span> <span class='ocrx_word' id='word_1_108' title='bbox 771 1793 867 1872; x_wconf 81' lang='lat' dir='ltr'><strong>potest,</strong></span> <span class='ocrx_word' id='word_1_109' title='bbox 885 1815 983 1866; x_wconf 80' lang='lat' dir='ltr'><strong>eurum</strong></span> <span class='ocrx_word' id='word_1_110' title='bbox 996 1793 1118 1876; x_wconf 88' lang='lat' dir='ltr'><strong>imperiis</strong></span> <span class='ocrx_word' id='word_1_111' title='bbox 1130 1801 1251 1882; x_wconf 81' lang='lat' dir='ltr'><strong>rempub</strong></span> 
     </span>
     <span class='ocr_line' id='line_1_16' title="bbox 393 1886 1249 1972; baseline 0.006 -20"><span class='ocrx_word' id='word_1_112' title='bbox 393 1891 481 1956; x_wconf 87' lang='lat' dir='ltr'><strong>licam</strong></span> <span class='ocrx_word' id='word_1_113' title='bbox 493 1887 701 1969; x_wconf 73' lang='lat' dir='ltr'><strong>amplificatam,</strong></span> <span class='ocrx_word' id='word_1_114' title='bbox 719 1886 768 1966; x_wconf 91' lang='lat' dir='ltr'><strong>qui</strong></span> <span class='ocrx_word' id='word_1_115' title='bbox 780 1887 963 1972; x_wconf 80' lang='lat' dir='ltr'><strong>religionibus</strong></span> <span class='ocrx_word' id='word_1_116' title='bbox 974 1893 1128 1972; x_wconf 79' lang='lat' dir='ltr'><strong>paruillent</strong></span> <span class='ocrx_word' id='word_1_117' title='bbox 1166 1899 1213 1972; x_wconf 85' lang='lat' dir='ltr'><strong>Er,</strong></span> <span class='ocrx_word' id='word_1_118' title='bbox 1233 1895 1249 1955; x_wconf 81' lang='lat' dir='ltr'>fi</span> 
     </span>
     <span class='ocr_line' id='line_1_17' title="bbox 395 1987 1254 2067; baseline 0.005 -19"><span class='ocrx_word' id='word_1_119' title='bbox 395 1987 524 2048; x_wconf 82' lang='lat' dir='ltr'><strong>conferre</strong></span> <span class='ocrx_word' id='word_1_120' title='bbox 549 1988 679 2047; x_wconf 81' lang='lat' dir='ltr'><strong>volumus</strong></span> <span class='ocrx_word' id='word_1_121' title='bbox 700 1987 792 2050; x_wconf 85' lang='lat' dir='ltr'><strong>nostra</strong></span> <span class='ocrx_word' id='word_1_122' title='bbox 813 2008 879 2052; x_wconf 88' lang='lat' dir='ltr'><strong>cum</strong></span> <span class='ocrx_word' id='word_1_123' title='bbox 903 1988 1034 2067; x_wconf 62' lang='lat' dir='ltr'><strong>extemis,</strong></span> <span class='ocrx_word' id='word_1_124' title='bbox 1054 1993 1159 2056; x_wconf 74' lang='lat' dir='ltr'><strong>cereris</strong></span> <span class='ocrx_word' id='word_1_125' title='bbox 1179 1995 1254 2058; x_wconf 76' lang='lat' dir='ltr'><strong>rebus</strong></span> 
     </span>
     <span class='ocr_line' id='line_1_18' title="bbox 393 2077 1251 2176; baseline 0.006 -28"><span class='ocrx_word' id='word_1_126' title='bbox 393 2100 442 2148; x_wconf 85' lang='lat' dir='ltr'><strong>aut</strong></span> <span class='ocrx_word' id='word_1_127' title='bbox 454 2103 534 2164; x_wconf 83' lang='lat' dir='ltr'><strong>pares</strong></span> <span class='ocrx_word' id='word_1_128' title='bbox 554 2097 603 2142; x_wconf 86' lang='lat' dir='ltr'><strong>aut</strong></span> <span class='ocrx_word' id='word_1_129' title='bbox 623 2077 708 2142; x_wconf 85' lang='lat' dir='ltr'><strong>etiam</strong></span> <span class='ocrx_word' id='word_1_130' title='bbox 731 2082 875 2146; x_wconf 87' lang='lat' dir='ltr'><strong>inferiores</strong></span> <span class='ocrx_word' id='word_1_131' title='bbox 895 2089 1083 2170; x_wconf 77' lang='lat' dir='ltr'><strong>reperiemnr3</strong></span> <span class='ocrx_word' id='word_1_132' title='bbox 1111 2093 1251 2176; x_wconf 79' lang='lat' dir='ltr'><strong>religione,</strong></span> 
     </span>
     <span class='ocr_line' id='line_1_19' title="bbox 327 2177 1252 2260; baseline 0 -15"><span class='ocrx_word' id='word_1_133' title='bbox 327 2182 329 2193; x_wconf 88' lang='grc'><strong>’</strong></span> <span class='ocrx_word' id='word_1_134' title='bbox 393 2178 565 2245; x_wconf 86' lang='lat' dir='ltr'><strong>idestcultn</strong></span> <span class='ocrx_word' id='word_1_135' title='bbox 576 2177 715 2252; x_wconf 82' lang='lat' dir='ltr'><strong>Deorum,</strong></span> <span class='ocrx_word' id='word_1_136' title='bbox 736 2179 826 2239; x_wconf 89' lang='lat' dir='ltr'><strong>multo</strong></span> <span class='ocrx_word' id='word_1_137' title='bbox 836 2179 996 2260; x_wconf 79' lang='lat' dir='ltr'><strong>superiores.</strong></span> <span class='ocrx_word' id='word_1_138' title='bbox 1034 2186 1083 2245; x_wconf 89' lang='lat' dir='ltr'><strong>An</strong></span> <span class='ocrx_word' id='word_1_139' title='bbox 1094 2188 1159 2250; x_wconf 78' lang='lat' dir='ltr'><strong>Atti</strong></span> <span class='ocrx_word' id='word_1_140' title='bbox 1183 2188 1252 2250; x_wconf 76' lang='lat' dir='ltr'><strong>Navl</strong></span> 
     </span>
     <span class='ocr_line' id='line_1_20' title="bbox 393 2275 1253 2366; baseline 0.002 -22"><span class='ocrx_word' id='word_1_141' title='bbox 393 2282 482 2348; x_wconf 81' lang='lat' dir='ltr'><strong>lituus</strong></span> <span class='ocrx_word' id='word_1_142' title='bbox 497 2279 559 2354; x_wconf 85' lang='lat' dir='ltr'><strong>ille,</strong></span> <span class='ocrx_word' id='word_1_143' title='bbox 584 2299 641 2359; x_wconf 91' lang='lat' dir='ltr'><strong>quo</strong></span> <span class='ocrx_word' id='word_1_144' title='bbox 652 2277 688 2338; x_wconf 77' lang='lat' dir='ltr'><strong>ed</strong></span> <span class='ocrx_word' id='word_1_145' title='bbox 700 2275 916 2361; x_wconf 72' lang='lat' dir='ltr'><strong>inuestigandum</strong></span> <span class='ocrx_word' id='word_1_146' title='bbox 929 2301 1009 2342; x_wconf 76' lang='lat' dir='ltr'><strong>uuum</strong></span> <span class='ocrx_word' id='word_1_147' title='bbox 1021 2282 1147 2366; x_wconf 85' lang='lat' dir='ltr'><strong>regiones</strong></span> <span class='ocrx_word' id='word_1_148' title='bbox 1160 2287 1253 2346; x_wconf 84' lang='lat' dir='ltr'><strong>vineae</strong></span> 
     </span>
     <span class='ocr_line' id='line_1_21' title="bbox 393 2365 1251 2466; baseline 0 -20"><span class='ocrx_word' id='word_1_149' title='bbox 393 2377 563 2455; x_wconf 85' lang='lat' dir='ltr'><strong>terminavit,</strong></span> <span class='ocrx_word' id='word_1_150' title='bbox 593 2365 808 2440; x_wconf 78' lang='lat' dir='ltr'><strong>cmtemnendus</strong></span> <span class='ocrx_word' id='word_1_151' title='bbox 821 2377 893 2450; x_wconf 51' lang='lat' dir='ltr'><strong>eene</strong></span> <span class='ocrx_word' id='word_1_152' title='bbox 931 2378 1094 2456; x_wconf 73' lang='lat' dir='ltr'><strong>Crederem,</strong></span> <span class='ocrx_word' id='word_1_153' title='bbox 1124 2382 1174 2444; x_wconf 86' lang='lat' dir='ltr'><strong>nili</strong></span> <span class='ocrx_word' id='word_1_154' title='bbox 1201 2386 1251 2466; x_wconf 76' lang='lat' dir='ltr'><strong>ejus</strong></span> 
     </span>
     <span class='ocr_line' id='line_1_22' title="bbox 393 2473 1249 2562; baseline 0.009 -26"><span class='ocrx_word' id='word_1_155' title='bbox 393 2478 511 2562; x_wconf 76' lang='lat' dir='ltr'><strong>augurio</strong></span> <span class='ocrx_word' id='word_1_156' title='bbox 535 2497 586 2537; x_wconf 79' lang='lat' dir='ltr'><strong>rer</strong></span> <span class='ocrx_word' id='word_1_157' title='bbox 611 2473 748 2538; x_wconf 81' lang='lat' dir='ltr'><strong>Hostilius</strong></span> <span class='ocrx_word' id='word_1_158' title='bbox 772 2495 901 2538; x_wconf 84' lang='lat' dir='ltr'><strong>maxuma</strong></span> <span class='ocrx_word' id='word_1_159' title='bbox 925 2475 1001 2538; x_wconf 81' lang='lat' dir='ltr'><strong>bella</strong></span> <span class='ocrx_word' id='word_1_160' title='bbox 1027 2480 1148 2561; x_wconf 82' lang='lat' dir='ltr'><strong>geffillet.</strong></span> <span class='ocrx_word' id='word_1_161' title='bbox 1187 2485 1249 2556; x_wconf 84' lang='lat' dir='ltr'><strong>Sed,</strong></span> 
     </span>
     <span class='ocr_line' id='line_1_23' title="bbox 363 2570 1250 2657; baseline 0.007 -23"><span class='ocrx_word' id='word_1_162' title='bbox 363 2631 365 2634; x_wconf 86' lang='lat'>.</span> <span class='ocrx_word' id='word_1_163' title='bbox 392 2571 562 2657; x_wconf 79' lang='lat' dir='ltr'><strong>negligentia</strong></span> <span class='ocrx_word' id='word_1_164' title='bbox 581 2570 736 2632; x_wconf 85' lang='lat' dir='ltr'><strong>nobilitatis</strong></span> <span class='ocrx_word' id='word_1_165' title='bbox 756 2572 867 2653; x_wconf 86' lang='lat' dir='ltr'><strong>augurii</strong></span> <span class='ocrx_word' id='word_1_166' title='bbox 885 2573 1035 2652; x_wconf 78' lang='lat' dir='ltr'><strong>disciplina</strong></span> <span class='ocrx_word' id='word_1_167' title='bbox 1057 2579 1165 2656; x_wconf 77' lang='lat' dir='ltr'><strong>omilin,</strong></span> <span class='ocrx_word' id='word_1_168' title='bbox 1185 2581 1250 2644; x_wconf 89' lang='lat' dir='ltr'><strong>veri·</strong></span> 
     </span>
     <span class='ocr_line' id='line_1_24' title="bbox 393 2667 1251 2750; baseline 0.006 -14"><span class='ocrx_word' id='word_1_169' title='bbox 393 2691 436 2736; x_wconf 80' lang='lat' dir='ltr'><strong>tar</strong></span> <span class='ocrx_word' id='word_1_170' title='bbox 448 2669 630 2750; x_wconf 76' lang='lat' dir='ltr'><strong>auspiciorum</strong></span> <span class='ocrx_word' id='word_1_171' title='bbox 643 2668 729 2748; x_wconf 89' lang='lat' dir='ltr'><strong>spreta</strong></span> <span class='ocrx_word' id='word_1_172' title='bbox 741 2667 791 2744; x_wconf 80' lang='lat' dir='ltr'><strong>en,</strong></span> <span class='ocrx_word' id='word_1_173' title='bbox 817 2668 919 2748; x_wconf 81' lang='lat' dir='ltr'><strong>species</strong></span> <span class='ocrx_word' id='word_1_174' title='bbox 930 2672 1038 2732; x_wconf 82' lang='lat' dir='ltr'><strong>tantiun</strong></span> <span class='ocrx_word' id='word_1_175' title='bbox 1050 2689 1166 2738; x_wconf 80' lang='lat' dir='ltr'><strong>retenta.</strong></span> <span class='ocrx_word' id='word_1_176' title='bbox 1203 2679 1251 2740; x_wconf 84' lang='lat' dir='ltr'><strong>Ita-</strong></span> 
     </span>
     <span class='ocr_line' id='line_1_25' title="bbox 193 2767 1253 2857; baseline 0.004 -26"><span class='ocrx_word' id='word_1_177' title='bbox 193 2804 196 2816; x_wconf 75' lang='lat'><em>‹</em></span> <span class='ocrx_word' id='word_1_178' title='bbox 321 2819 335 2832; x_wconf 84' lang='lat'><strong><em>.</em></strong></span> <span class='ocrx_word' id='word_1_179' title='bbox 395 2793 447 2854; x_wconf 87' lang='lat' dir='ltr'><strong>que</strong></span> <span class='ocrx_word' id='word_1_180' title='bbox 468 2789 613 2832; x_wconf 77' lang='lat' dir='ltr'><strong>maxumae</strong></span> <span class='ocrx_word' id='word_1_181' title='bbox 634 2767 804 2850; x_wconf 85' lang='lat' dir='ltr'><strong>reipublicae</strong></span> <span class='ocrx_word' id='word_1_182' title='bbox 823 2784 924 2850; x_wconf 81' lang='lat' dir='ltr'><strong>portes,</strong></span> <span class='ocrx_word' id='word_1_183' title='bbox 949 2768 980 2831; x_wconf 89' lang='lat' dir='ltr'><strong>in</strong></span> <span class='ocrx_word' id='word_1_184' title='bbox 997 2771 1042 2832; x_wconf 83' lang='lat' dir='ltr'><strong>his</strong></span> <span class='ocrx_word' id='word_1_185' title='bbox 1053 2773 1138 2851; x_wconf 78' lang='lat' dir='ltr'><strong>bella,</strong></span> <span class='ocrx_word' id='word_1_186' title='bbox 1164 2779 1253 2857; x_wconf 74' lang='lat' dir='ltr'><strong>quibu</strong></span> 
     </span>
     <span class='ocr_line' id='line_1_26' title="bbox 393 2863 1258 2960; baseline 0.003 -29"><span class='ocrx_word' id='word_1_187' title='bbox 393 2866 564 2950; x_wconf 82' lang='lat' dir='ltr'><strong>reipublicae</strong></span> <span class='ocrx_word' id='word_1_188' title='bbox 585 2865 658 2928; x_wconf 82' lang='lat' dir='ltr'><strong>snlns</strong></span> <span class='ocrx_word' id='word_1_189' title='bbox 678 2863 848 2942; x_wconf 79' lang='lat' dir='ltr'><strong>continetur,</strong></span> <span class='ocrx_word' id='word_1_190' title='bbox 874 2864 962 2928; x_wconf 73' lang='lat' dir='ltr'><strong>nullis</strong></span> <span class='ocrx_word' id='word_1_191' title='bbox 986 2867 1111 2948; x_wconf 81' lang='lat' dir='ltr'><strong>auspiciis</strong></span> <span class='ocrx_word' id='word_1_192' title='bbox 1134 2869 1258 2960; x_wconf 48' lang='lat' dir='ltr'><strong>adminia&#39;</strong></span> 
     </span>
     <span class='ocr_line' id='line_1_27' title="bbox 393 2961 1250 3047; baseline 0.005 -17"><span class='ocrx_word' id='word_1_193' title='bbox 393 2969 511 3030; x_wconf 75' lang='lat' dir='ltr'><strong>linantur</strong></span> <span class='ocrx_word' id='word_1_194' title='bbox 523 2988 533 3041; x_wconf 87' lang='lat'>;</span> <span class='ocrx_word' id='word_1_195' title='bbox 563 2964 642 3028; x_wconf 88' lang='lat' dir='ltr'><strong>nulla</strong></span> <span class='ocrx_word' id='word_1_196' title='bbox 654 2961 794 3047; x_wconf 76' lang='lat' dir='ltr'><strong>peremnia</strong></span> <span class='ocrx_word' id='word_1_197' title='bbox 806 2965 959 3042; x_wconf 81' lang='lat' dir='ltr'><strong>servantur,</strong></span> <span class='ocrx_word' id='word_1_198' title='bbox 985 2967 1063 3030; x_wconf 86' lang='lat' dir='ltr'><strong>nulla</strong></span> <span class='ocrx_word' id='word_1_199' title='bbox 1074 2989 1109 3030; x_wconf 86' lang='lat' dir='ltr'><strong>ex</strong></span> <span class='ocrx_word' id='word_1_200' title='bbox 1122 2973 1250 3034; x_wconf 82' lang='lat' dir='ltr'><strong>acumini·</strong></span> 
     </span>
     <span class='ocr_line' id='line_1_28' title="bbox 393 3063 1250 3147; baseline 0.005 -19"><span class='ocrx_word' id='word_1_201' title='bbox 393 3067 466 3142; x_wconf 77' lang='lat' dir='ltr'><strong>bur;</strong></span> <span class='ocrx_word' id='word_1_202' title='bbox 496 3063 570 3128; x_wconf 88' lang='lat' dir='ltr'><strong>nulli</strong></span> <span class='ocrx_word' id='word_1_203' title='bbox 591 3064 645 3127; x_wconf 91' lang='lat' dir='ltr'><strong>viri</strong></span> <span class='ocrx_word' id='word_1_204' title='bbox 667 3083 809 3144; x_wconf 81' lang='lat' dir='ltr'><strong>uocantur,</strong></span> <span class='ocrx_word' id='word_1_205' title='bbox 837 3087 872 3128; x_wconf 85' lang='lat' dir='ltr'><strong>ex</strong></span> <span class='ocrx_word' id='word_1_206' title='bbox 894 3086 946 3146; x_wconf 92' lang='lat' dir='ltr'><strong>quo</strong></span> <span class='ocrx_word' id='word_1_207' title='bbox 967 3065 998 3128; x_wconf 92' lang='lat' dir='ltr'><strong>in</strong></span> <span class='ocrx_word' id='word_1_208' title='bbox 1020 3067 1250 3147; x_wconf 69' lang='lat' dir='ltr'><strong>procinctuum</strong></span> 
     </span>
    </p>

    <p class='ocr_par' dir='ltr' id='par_1_4' title="bbox 390 3161 1311 3728">
     <span class='ocr_line' id='line_1_29' title="bbox 394 3161 1311 3246; baseline 0 -18"><span class='ocrx_word' id='word_1_209' title='bbox 394 3183 488 3228; x_wconf 78' lang='lat' dir='ltr'><strong>mentn</strong></span> <span class='ocrx_word' id='word_1_210' title='bbox 502 3162 651 3243; x_wconf 89' lang='lat' dir='ltr'><strong>perierunt.</strong></span> <span class='ocrx_word' id='word_1_211' title='bbox 688 3163 765 3228; x_wconf 90' lang='lat' dir='ltr'><strong>Tum</strong></span> <span class='ocrx_word' id='word_1_212' title='bbox 776 3163 851 3246; x_wconf 77' lang='lat' dir='ltr'><strong>enin</strong></span> <span class='ocrx_word' id='word_1_213' title='bbox 864 3161 941 3224; x_wconf 84' lang='lat' dir='ltr'><strong>bella</strong></span> <span class='ocrx_word' id='word_1_214' title='bbox 952 3182 1049 3246; x_wconf 83' lang='lat' dir='ltr'><strong>gerere</strong></span> <span class='ocrx_word' id='word_1_215' title='bbox 1067 3166 1154 3227; x_wconf 85' lang='lat' dir='ltr'><strong>nostri</strong></span> <span class='ocrx_word' id='word_1_216' title='bbox 1175 3168 1251 3230; x_wconf 77' lang='lat' dir='ltr'><strong>duces</strong></span> <span class='ocrx_word' id='word_1_217' title='bbox 1310 3195 1311 3204; x_wconf 46' lang='lat'>¹</span> 
     </span>
     <span class='ocr_line' id='line_1_30' title="bbox 394 3259 1251 3346; baseline 0.004 -22"><span class='ocrx_word' id='word_1_218' title='bbox 394 3259 543 3344; x_wconf 86' lang='lat' dir='ltr'><strong>incipiunt,</strong></span> <span class='ocrx_word' id='word_1_219' title='bbox 560 3260 758 3343; x_wconf 76' lang='lat' dir='ltr'><strong>cirmaulpicin</strong></span> <span class='ocrx_word' id='word_1_220' title='bbox 769 3260 926 3342; x_wconf 84' lang='lat' dir='ltr'><strong>posuerunt.</strong></span> <span class='ocrx_word' id='word_1_221' title='bbox 963 3267 1007 3326; x_wconf 84' lang='lat' dir='ltr'><strong>At</strong></span> <span class='ocrx_word' id='word_1_222' title='bbox 1019 3266 1084 3326; x_wconf 84' lang='lat' dir='ltr'><strong>verb</strong></span> <span class='ocrx_word' id='word_1_223' title='bbox 1105 3267 1178 3346; x_wconf 82' lang='lat' dir='ltr'><strong>apud</strong></span> <span class='ocrx_word' id='word_1_224' title='bbox 1199 3285 1251 3327; x_wconf 81' lang='lat' dir='ltr'><strong>ma·</strong></span> 
     </span>
     <span class='ocr_line' id='line_1_31' title="bbox 390 3355 1251 3442; baseline 0.002 -24"><span class='ocrx_word' id='word_1_225' title='bbox 390 3359 549 3440; x_wconf 80' lang='lat' dir='ltr'><strong>jorestunta</strong></span> <span class='ocrx_word' id='word_1_226' title='bbox 574 3355 719 3441; x_wconf 81' lang='lat' dir='ltr'><strong>religionis</strong></span> <span class='ocrx_word' id='word_1_227' title='bbox 739 3355 781 3418; x_wconf 81' lang='lat' dir='ltr'><strong>vis</strong></span> <span class='ocrx_word' id='word_1_228' title='bbox 803 3356 869 3436; x_wconf 85' lang='lat' dir='ltr'><strong>luit,</strong></span> <span class='ocrx_word' id='word_1_229' title='bbox 892 3376 925 3422; x_wconf 92' lang='lat' dir='ltr'><strong>ut</strong></span> <span class='ocrx_word' id='word_1_230' title='bbox 946 3361 1057 3441; x_wconf 78' lang='lat' dir='ltr'><strong>quidam</strong></span> <span class='ocrx_word' id='word_1_231' title='bbox 1077 3360 1251 3442; x_wconf 78' lang='lat' dir='ltr'><strong>imperatorer</strong></span> 
     </span>
     <span class='ocr_line' id='line_1_32' title="bbox 394 3451 1250 3539; baseline 0 -21"><span class='ocrx_word' id='word_1_232' title='bbox 394 3455 479 3520; x_wconf 79' lang='lat' dir='ltr'><strong>etiem</strong></span> <span class='ocrx_word' id='word_1_233' title='bbox 491 3455 516 3516; x_wconf 91' lang='lat' dir='ltr'><strong>se</strong></span> <span class='ocrx_word' id='word_1_234' title='bbox 526 3451 596 3536; x_wconf 84' lang='lat' dir='ltr'><strong>ipsos</strong></span> <span class='ocrx_word' id='word_1_235' title='bbox 604 3455 658 3517; x_wconf 83' lang='lat' dir='ltr'><strong>Dis</strong></span> <span class='ocrx_word' id='word_1_236' title='bbox 667 3455 861 3520; x_wconf 77' lang='lat' dir='ltr'><strong>inmortalibus</strong></span> <span class='ocrx_word' id='word_1_237' title='bbox 869 3457 957 3539; x_wconf 85' lang='lat' dir='ltr'><strong>capite</strong></span> <span class='ocrx_word' id='word_1_238' title='bbox 966 3459 1059 3522; x_wconf 83' lang='lat' dir='ltr'><strong>uelato</strong></span> <span class='ocrx_word' id='word_1_239' title='bbox 1071 3459 1161 3522; x_wconf 85' lang='lat' dir='ltr'><strong>verbis</strong></span> <span class='ocrx_word' id='word_1_240' title='bbox 1172 3460 1250 3520; x_wconf 76' lang='lat' dir='ltr'><strong>certis</strong></span> 
     </span>
     <span class='ocr_line' id='line_1_33' title="bbox 392 3552 1247 3643; baseline 0 -29"><span class='ocrx_word' id='word_1_241' title='bbox 392 3573 444 3633; x_wconf 95' lang='lat' dir='ltr'><strong>pro</strong></span> <span class='ocrx_word' id='word_1_242' title='bbox 464 3552 606 3634; x_wconf 73' lang='lat' dir='ltr'><strong>republica</strong></span> <span class='ocrx_word' id='word_1_243' title='bbox 625 3555 799 3622; x_wconf 77' lang='lat' dir='ltr'><strong>devoverent.</strong></span> <span class='ocrx_word' id='word_1_244' title='bbox 838 3556 935 3630; x_wconf 79' lang='lat' dir='ltr'><strong>Multa</strong></span> <span class='ocrx_word' id='word_1_245' title='bbox 948 3579 984 3620; x_wconf 84' lang='lat' dir='ltr'><strong>ex</strong></span> <span class='ocrx_word' id='word_1_246' title='bbox 997 3557 1143 3643; x_wconf 83' lang='lat' dir='ltr'><strong>Sibyllinis</strong></span> <span class='ocrx_word' id='word_1_247' title='bbox 1155 3553 1247 3618; x_wconf 82' lang='lat' dir='ltr'><strong>vatici-</strong></span> 
     </span>
     <span class='ocr_line' id='line_1_34' title="bbox 1080 3651 1244 3728; baseline -0.037 -12"><span class='ocrx_word' id='word_1_248' title='bbox 1080 3651 1244 3728; x_wconf 82' lang='lat' dir='ltr'><strong>nationibus,</strong></span> 
     </span>
    </p>
   </div>
   <div class='ocr_carea' id='block_1_3' title="bbox 0 0 1342 4368">
    <p class='ocr_par' dir='ltr' id='par_1_5' title="bbox 0 0 1342 4368">
     <span class='ocr_line' id='line_1_35' title="bbox 0 0 1342 4368; baseline 0 0"><span class='ocrx_word' id='word_1_249' title='bbox 0 0 1342 4368; x_wconf 95' lang='lat' dir='ltr'><strong> </strong></span> 
     </span>
    </p>
   </div>
  </div>
 </body>
</html>
