2694 4428
215 415 220 422 .
291 337 398 422 -106
484 333 1119 419 Dst'tuutDsouou

376 497 418 544 tet
427 482 599 548 'nauticarum
610 505 705 546 rerum
717 485 879 561 scientiam
898 486 1072 568 plurimisque
1086 487 1232 576 maritumis
1323 469 1324 558 l

375 579 458 642 rebus
468 581 587 648 fruimur
596 601 679 662 atque
690 581 801 646 utimur.
830 586 1020 652 Terrenorum
1033 585 1099 648 item
1111 606 1232 646 commo
1323 591 1324 610 ³

315 753 321 767 Ι
373 680 474 740 dorum
494 680 584 742 onmis
605 682 688 744 estio
711 681 826 744 homine
847 684 1011 744 dominatus.
1048 681 1235 762 Noscampis,
1323 741 1324 748 ,

374 795 425 837 nos
437 777 576 838 montibus
586 777 723 840 fruimur:
736 777 829 838 nostri
842 778 904 840 sunt
916 801 1024 854 amnes,
1046 778 1129 838 uollti
1144 777 1236 838 lacus:

374 895 427 936 nos
437 875 532 960 fruges
544 875 666 951 serimus,
684 897 736 938 nos
748 877 877 940 arbores:
907 899 959 938 nos
978 869 1109 956 aquarum
1121 875 1237 938 induisi-

373 973 473 1034 otsibus
484 973 563 1036 tertis
575 973 773 1038 iocunditatem
786 977 900 1037 damus:
921 996 972 1036 nos
983 975 1098 1038 flumina
1109 993 1239 1046 arcemus,
1323 1023 1324 1038 2

372 1068 528 1152 dirigimus,
555 1071 724 1136 avertimus:
756 1071 854 1132 nostris
871 1070 991 1150 denique
1016 1068 1237 1132 manibusinre-
1323 1063 1324 1066 ¹

371 1155 435 1225 ium
456 1181 553 1228 natura
578 1167 649 1246 quast
671 1169 788 1234 alteram
810 1183 935 1230 naturam
959 1165 1074 1229 efficere
1102 1185 1234 1228 conamur.
1264 1195 1265 1202 ¹

315 1265 351 1324 61
372 1259 524 1344 Qidverrl
535 1271 546 1324 ἰ
557 1264 704 1328 homiuum
714 1265 784 1326 ratio
795 1285 853 1328 non
865 1263 1106 1344 incaelumustue
1118 1279 1237 1344 perterra-

372 1357 434 1419 vitl
471 1358 535 1420 Soli
546 1361 623 1422 euim
635 1384 670 1423 etr
687 1359 875 1423 animantibus
887 1380 937 1420 nos
951 1361 1086 1423 astrorum
1101 1376 1187 1433 ortus,
1204 1379 1234 1416 o
1324 1419 1325 1446 ἶ

371 1455 456 1532 bitus,
473 1460 835 1544 cursulisoeaeognouimus:
870 1457 907 1520 ab
926 1456 1074 1518 homiuum
1094 1455 1236 1542 generosi-

371 1552 496 1616 uitusesl
507 1556 577 1632 dies,
597 1557 706 1632 mensis,
723 1556 1016 1640 annus3„defe6liones
1035 1556 1102 1618 solis
1114 1559 1146 1618 &
1158 1555 1234 1618 lunae
1324 1561 1325 1590 ³

368 1649 497 1734 cognitae
508 1653 715 1734 praodiCtaeque
728 1655 757 1716 in
769 1673 853 1716 omne
866 1654 1005 1732 posterum
1019 1670 1141 1732 tempus,
1159 1668 1236 1730 quae,
1324 1685 1325 1728 5

367 1753 741 1832 quautae,.qtuudositturae
763 1752 822 1815 srnt.
865 1754 946 1833 Quae
962 1768 1097 1814 contuens
1120 1749 1236 1822 artimus,

368 1849 470 1928 accipit
481 1850 518 1912 ab
538 1849 583 1912 his
594 1850 783 1935 coguitionem
795 1851 938 1916 Deorum:
965 1871 1001 1912 ex
1014 1871 1065 1929 qua
1077 1848 1170 1910 oritur
1183 1845 1236 1926 pie-

366 1961 426 2018 ειη
442 1949 491 2009 cui
507 1953 654 2030 eonjunsia
670 1954 775 2036 justitia
787 1955 840 2030 esi,
861 1955 984 2033 reliquae
997 1950 1124 2025 virtutes,
1142 1945 1235 2029 'equi-

365 2041 418 2104 bus
430 2044 486 2104 vita
499 2045 579 2106 beata
591 2049 684 2109 existit
695 2071 745 2126 par
756 2055 788 2114 δι
802 2051 900 2113 similis
912 2051 1059 2119 Deorum;
1089 2048 1168 2111 nulla
1182 2044 1239 2122 alis

355 2163 409 2219 -re,
427 2139 477 2204 trist
490 2140 697 2218 inmortalitate,
707 2165 777 2224 quae
790 2146 863 2206 nihil
877 2151 912 2206 ad
928 2149 998 2206 bene
1012 2147 1163 2206 vivendum
1172 2165 1235 2224 pet-

367 2242 446 2319 rinos,
465 2242 744 2312 cedenscaolellibus.
781 2243 892 2326 Quibus
908 2244 989 2308 rebus
1010 2241 1151 2321 expositis,
1176 2241 1240 2306 satis

366 2340 486 2406 docuisse
503 2341 610 2420 videor,
629 2337 752 2404 horninis
774 2359 872 2404 nutura
891 2357 994 2422 quanto
1007 2361 1103 2402 omnes
1118 2340 1239 2402 anteiret

366 2443 526 2503 animantes.
565 2444 609 2504 Ex
622 2463 679 2524 quo
694 2443 777 2506 debet
797 2441 930 2526 intelligi,
947 2462 1000 2504 uec
1013 2438 1132 2523 figuram
1144 2439 1237 2504 fituru-

365 2562 417 2620 que
430 2540 627 2614 membrorum,
646 2561 699 2600 nec
711 2541 818 2622 ingenii
829 2541 981 2622 nuntiique
1003 2540 1075 2615 vim,
1096 2541 1185 2602 talem
1198 2537 1236 2606 ef·
1325 2541 1326 2562 ³

307 2643 346 2704 62
367 2640 413 2700 sici
425 2637 541 2718 potuisse
554 2638 673 2700 fortuna.
702 2639 811 2715 Restat,
828 2658 861 2701 ut
872 2631 998 2715 doceam,
1010 2659 1092 2722 atque
1103 2640 1230 2720 aliquau-

363 2738 550 2815 doperoretn,
568 2735 674 2812 onmia,
691 2757 762 2817 quae
783 2735 836 2798 littt
859 2737 889 2799 in
914 2737 970 2798 hoc
993 2738 1111 2810 mundo,
1138 2738 1237 2816 quibus

364 2852 478 2898 utantur
488 2834 626 2911 homines,
644 2837 791 2900 hominum
804 2834 896 2898 caussa
914 2834 993 2896 fasta
1006 2831 1060 2896 elle
1078 2835 1110 2894 &
1133 2853 1235 2914 parata.

364 2933 506 3016 Principio
530 2933 588 3014 ipse
611 2937 740 3008 muudus,
772 2935 899 2998 Deorum
921 2931 1122 3009 hominumque
1146 2929 1235 2998 caussa

363 3033 452 3095 fauts
463 3033 519 3096 est:
541 3053 665 3114 quaeque
679 3033 709 3094 iu
721 3055 757 3095 eo
766 3037 839 3110 sunt,
850 3053 882 3096 ea
891 3049 984 3113 parata
996 3032 1031 3092 ud
1044 3029 1167 3092 frustum
1182 3035 1233 3094 ho·

363 3129 471 3192 minum
483 3133 515 3194 &
527 3129 637 3193 inventa
650 3131 720 3194 sunt.
760 3131 807 3193 Esl
818 3131 895 3192 enim
920 3131 1038 3192 mundus
1054 3129 1134 3212 =quast
1158 3152 1233 3192 cout-

363 3231 455 3291 munis
475 3230 601 3292 Deorum
614 3247 695 3309 atque
713 3229 860 3292 hominum
881 3232 992 3316 domus,
1012 3246 1060 3290 aut
1080 3229 1146 3290 urbs
1159 3247 1232 3292 utro-

364 3349 484 3407 rumque.
522 3327 586 3410 §oli
598 3329 674 3391 enim
688 3329 794 3390 ratione
806 3330 993 3412 utentes,jure
1007 3348 1040 3390 ac
1051 3327 1115 3410 lege
1128 3327 1231 3389 vivunt:

368 3428 408 3488 Ut
420 3426 504 3509 igitur
516 3426 683 3492 Athenas&
694 3426 1165 3502 Lacedaemonemsrhmienuum
1174 3426 1232 3498 Lu-

363 3523 652 3608 cedaouoniorumque
675 3527 764 3590 caussa
788 3528 939 3608 putandum
951 3527 991 3592 est
1011 3525 1134 3588 conditas
1151 3523 1231 3633 effes

1122 3640 1232 3684 omnu-
