2664 4378
441 373 778 487 ΜΒΗΊ.Ι
894 483 897 490 .
981 388 1035 486 ti

100 528 296 608 defideratetir,
329 531 349 592 st
371 532 523 594 inmensam
548 533 581 593 δι
610 530 813 594 interminatum
833 535 863 596 in
881 533 973 596 omnis

96 625 184 739 partis
196 629 415 718 magnitudinem
427 628 576 714 regionum
589 628 737 690 videretis:
751 630 872 710 inquam
888 631 978 716 sein-

93 726 192 807 jiciens
204 728 313 790 animus
324 729 356 789 δι
368 725 543 822 intendens,
535 744 573 788 tta
587 725 637 796 lat
613 741 642 796 te
656 724 794 808 longeque
807 729 967 810 peregrina-

98 841 153 898 tur,
172 843 205 886 ut
216 825 326 888 nullam
339 840 522 891 tamenottm
536 824 629 886 ultimi
653 823 806 900 videat,in
824 845 878 904 qua
889 823 970 905 polltt

96 923 224 1002 insistere
245 927 279 988 Ιιι
292 926 367 988 hac
357 925 444 1010 rgitut
454 923 624 988 inmensitate
634 923 826 998 latitudinum,
844 923 969 1016 longitu

98 1021 203 1098 dinum,
222 1023 415 1097 altitudinum,
436 1020 585 1084 infinita'
557 1041 600 1083 ιιι
611 1021 854 1086 innumerabilium
867 1021 967 1110 volitat

95 1134 269 1184 atomorum:
299 1143 381 1206 quae,
391 1118 570 1200 mteqeuo
561 1118 649 1194 mani,
667 1118 864 1182 cohaerescunt
874 1133 967 1181 tamen
1047 1183 1048 1194 ,

96 1215 168 1301 inter
190 1217 228 1294 se,
247 1221 280 1280 δι
300 1219 373 1304 aliae
396 1217 466 1278 alias
489 1218 728 1298 adprehendentes
752 1216 972 1278 continuantur:

14 1379 15 1387 ,
96 1335 131 1397 ex
145 1337 200 1396 quo
212 1315 374 1398 efficiuntur
398 1316 452 1376 hae
471 1336 566 1380 rerum
588 1315 695 1378 formae
713 1317 745 1376 δι
758 1313 880 1398 figurae3
898 1335 967 1394 quas

94 1433 144 1472 voa
165 1411 241 1474 effici
259 1415 334 1492 posse
356 1415 413 1478 stne
431 1413 549 1498 lirllibus
569 1413 766 1494 &incudibus
784 1433 841 1472 non
853 1411 963 1492 putatis.

92 1508 677 1594 ltaqueinposuistisintervicihusnostris
698 1510 892 1597 sempiternum
912 1513 964 1572 do-

93 1605 213 1687 minum,
231 1613 385 1690 querudies
396 1616 429 1674 81
440 1614 538 1674 noetus
549 1612 717 1674 timeremus.
737 1611 892 1694 Qisenim
904 1631 963 1672 nort

89 1707 185 1772 timeat
204 1713 298 1774 omnia
313 1712 522 1794 providentem,
540 1715 574 1776 δι
593 1715 774 1796 cogitantem,
792 1713 825 1774 dt
836 1709 971 1776 animad-,

90 1824 254 1889 vertentem,
272 1813 304 1874 δι
317 1813 410 1875 omnia
432 1814 468 1873 ad
491 1813 518 1872 se
536 1814 674 1892 pertinere
696 1823 851 1888 putantem,
867 1804 962 1866 curio-

92 1903 161 1981 sum,
180 1907 342 1986 &plenum
353 1908 462 1989 negotii
470 1909 583 1968 Deum?
621 1907 698 1966 Hinc
710 1903 791 1964 vobis
801 1901 894 1965 extitit
901 1901 971 1982 pri·'¹

92 2002 171 2062 tniam
184 2003 340 2076 illafatalis
350 2003 504 2082 neoeffiras,
518 2025 601 2086 quant
613 2005 777 2088 εἱμαρμένη
787 1999 897 2063 dicitis:
926 2016 959 2062 ut

14 2099 15 2134 ³
89 2100 348 2182 quicquidaccidat,
375 2106 405 2166 id
427 2126 463 2166 ex
484 2121 594 2168 attenta
619 2105 734 2167 veritate
754 2100 963 2180 caussaruntque,

89 2199 296 2264 continuatione
308 2201 414 2265 fluxille
427 2203 533 2267 dicatis.
555 2204 662 2285 Quanti
675 2219 771 2268 autem,
780 2203 852 2262 haec
862 2198 962 2278 philoae

89 2298 184 2377 sophia
205 2301 384 2362 aestumanda
406 2305 457 2379 est,
483 2303 539 2377 mi,
557 2317 698 2384 tunquam
723 2297 853 2369 aniculis,
870 2299 902 2355 δί
914 2293 961 2352 hl⁸

86 2396 197 2475 quidem
209 2397 342 2472 induitis,
359 2402 418 2459 fato
429 2399 494 2458 fieri
513 2398 661 2454 videantur
678 2391 794 2452 omnia?
831 2387 961 2468 Sequitur

86 2491 213 2574 μιτιιιιὶ
227 2491 327 2563 vestra,
346 2509 415 2567 quae
427 2487 529 2548 Latine
540 2485 674 2548 divinatio
685 2487 801 2548 dicitur:
821 2506 874 2566 qua
894 2498 957 2546 tan-

67 2602 114 2648 *ta
135 2580 327 2646 imbueremur
349 2582 549 2663 superstitione,
574 2583 596 2644 fi
619 2605 668 2647 vos
688 2584 784 2646 audire
808 2583 958 2662 vellemus,

87 2699 119 2748 ιιι
141 2680 311 2760 haruspices,
338 2694 467 2763 augures,
485 2681 600 2757 harioli,
628 2681 715 2761 vates,
732 2685 765 2750 δι
785 2683 956 2765 conjettores

87 2781 398 2852 nobisellentcolendi.
437 2783 497 2846 His·
504 2782 656 2843 terroribus
676 2784 712 2844 ab
726 2785 848 2864 Epicuro
860 2785 955 2859 soluti,
1005 2775 1007 2779 ’

89 2883 119 2944 u
131 2879 163 2942 in
174 2879 333 2942 libertatem
346 2879 491 2959 vindicati,
509 2901 561 2942 nec
584 2881 733 2942 metuimus
751 2903 810 2958 eos,
827 2901 896 2960 quos
909 2881 954 2942 in-

85 2977 240 3060 telligimus
264 2997 317 3040 nec
336 2976 388 3038 fibi
407 2976 512 3062 fingere
524 2978 611 3040 ullam
625 2978 790 3053 molestiam,
808 2994 859 3039 nec
871 2977 954 3041 alteri

86 3097 234 3156 quaerere:
252 3079 284 3142 tc
307 3076 352 3158 pie
374 3076 517 3158 undeque
535 3077 655 3140 colimus
675 3093 801 3142 naturam
812 3080 953 3144 excellen-

86 3191 143 3236 tem
164 3192 246 3254 atque
267 3177 458 3255 praestantem.
496 3177 554 3238 Sed
573 3178 663 3239 elatus
687 3178 788 3253 studio,
806 3199 952 3244 veteorne

15 3309 16 3312 =
87 3270 200 3354 longior
212 3270 320 3336 luerim.
361 3275 429 3336 Erat
441 3289 534 3334 autem
547 3272 675 3349 difficile,
693 3295 753 3335 rem
765 3289 868 3334 tantam
880 3291 953 3337 tanr-

14 3413 15 3428 ι
86 3389 138 3447 que
149 3367 332 3451 praeclaram,
351 3372 510 3434 inchoatam
522 3370 697 3451 relinquere:
717 3394 882 3455 quamquam
893 3393 951 3436 non

87 3477 145 3524 tam
162 3465 277 3527 dicendi
296 3467 368 3530 ratio¹
390 3467 461 3529 mihi
485 3469 612 3532 habenda
635 3468 698 3544 fuit,
716 3473 795 3550 quim
813 3469 970 3540 audimdi.

14 3567 15 3570 ’
86 3560 167 3634 Tum
187 3562 284 3644 Cotta,
301 3563 431 3668 duriter,
458 3580 490 3630 ut
508 3566 625 3646 solebat,
643 3565 770 3649 Atqui,
761 3585 862 3649 tnqurt,
879 3569 951 3632 Vel
970 3575 1005 3628 ιι

510 3664 576 3748 133
684 3739 690 3750 l
962 3665 1014 3748 lei,
