2676 4368
444 331 643 438 Lruuu
695 322 748 403 Π.
880 324 928 440 J·
1009 329 1061 427 57

87 472 89 480 ’
145 469 284 542 eontin'eat
296 457 424 570 ardinoi
446 479 548 560 Longa
560 475 598 538 est
611 476 712 549 oratio,
743 477 896 556 multaeque
919 473 1005 536 ratio-
1028 493 1063 538 to

146 571 204 652 ires,
231 577 328 658 quibus
350 575 446 638 doceri
464 573 553 654 pollit,
573 569 676 646 omnia,
696 593 764 650 quae
776 589 847 633 terra
859 569 1006 649 concipiat,
1059 585 1062 590 '

145 671 258 749 semina,
277 697 393 754 quaeque
406 673 461 754 ipsa
474 693 508 733 ert
522 672 547 732 st
561 687 689 754 generata
702 667 829 749 stirpibus
842 661 1006 744 infixa'conv
1093 674 1095 684 ⁴

143 772 242 847 tineae,
270 793 304 832 ea
326 761 522 852 temperatione
542 769 642 830 caloris
662 770 694 830 ὃς
716 765 785 827 oriri
808 769 839 828 dt
858 767 1015 851 augescere„
1104 785 1108 794 ¹

143 873 237 950 Atque
264 895 349 952 aquae
370 869 453 932 etiarn
474 869 628 929 admixtum
650 869 702 930 elle
725 871 862 945 calorem,
887 867 1010 948 primurn

143 967 202 1050 ipse
215 969 315 1048 liquor,
337 986 394 1032 tum
407 988 490 1050 aquae
500 965 621 1026 declarat
632 965 740 1026 effusio:
762 988 832 1049 quae
844 957 1011 1049 nequec'onss

149 1065 286 1160 glaciaret
303 1065 464 1147 frigoribus,
483 1083 571 1142 neque
584 1061 647 1124 nive
656 1063 800 1144 pruinaque
814 1061 1011 1136 concresceret,

146 1159 199 1220 nifi
212 1161 309 1222 eadem
322 1161 349 1221 se
361 1158 485 1220 admixto
497 1159 589 1219 calore
603 1156 786 1237 liquefacta&
795 1159 898 1238 dilapsa
910 1157 1009 1219 delun-

144 1261 235 1320 deret.
275 1260 371 1337 ltaque
383 1260 414 1320 ὅτ
426 1255 596 1336 aquilonibus
607 1253 768 1335 reliquisque
791 1245 941 1340 frigoribus
958 1256 1010 1316 du-

142 1353 228 1418 rescit
249 1358 371 1416 humor:
400 1359 432 1419 &
453 1357 527 1418 idem
549 1355 662 1417 vicil'srm
676 1355 803 1418 mollitur
814 1349 964 1438 tepefactus
975 1359 1008 1420 dc

142 1452 259 1512 tabescit
270 1452 369 1514 calore.
408 1456 501 1532 Atque
520 1453 603 1514 etiam
624 1452 709 1513 maria
731 1453 834 1536 agitata
857 1443 949 1514 veniit
968 1451 1023 1513 ita-

145 1546 295 1628 tepesctrnt,
314 1566 344 1610 ut
357 1550 478 1632 intelligi
491 1550 572 1612 facile
584 1549 674 1631 pollit,
701 1549 729 1610 in
743 1548 824 1612 tantis
837 1549 894 1612 illis
905 1549 1015 1634 humo-3

146 1645 222 1708 ribus
237 1645 290 1710 elle
303 1647 435 1710 inclusum
448 1647 579 1711 calorem.
617 1649 680 1711 Nec
704 1647 779 1714 enirn
804 1647 855 1710 ille
880 1643 1010 1708 citemus

133 1735 178 1808 '&
190 1745 511 1806 adventiciusbabendus
524 1745 561 1806 est
573 1762 662 1826 tepor,
691 1747 738 1808 {bd
758 1767 794 1806 ex
807 1743 912 1806 intimis
924 1741 1007 1802 maris

144 1843 269 1927 partibus
289 1843 438 1924 agitatione
455 1845 589 1904 excitatus
602 1871 609 1906 :
630 1846 704 1922 quod
716 1844 814 1906 nostris
826 1859 935 1928 quoque
946 1861 1009 1906 cor-

81 2005 83 2012 ,
146 1941 263 2024 p'oribus
283 1940 429 2022 contingit,
456 1941 522 2002 crlrn
545 1957 621 2000 motu
634 1955 714 2020 atque
726 1929 921 2005 exercitatione
932 1961 1009 2003 reca-

143 2033 259 2100 le‘scunt.
298 2037 359 2118 Ipse
383 2037 449 2098 verb
473 2043 528 2113 aer,
557 2037 604 2118 qui
629 2055 723 2102 natura
748 2037 787 2098 est
808 2035 935 2098 maxumi
956 2035 1008 2096 fri-

131 2135 235 2225 gidus,
248 2137 362 2200 minime
376 2137 414 2197 est
423 2131 635 2218 experscaloris.
671 2138 728 2200 Ille
737 2137 841 2202 verb&
851 2135 940 2198 multo
948 2132 1008 2214 qui-

142 2233 208 2296 d'em
225 2236 318 2299 calore
339 2235 477 2296 admixtus
497 2237 557 2300 est.-
587 2237 642 2314 ipl'e
657 2237 732 2294 enim
746 2234 834 2298 oritur
845 2253 882 2292 ex
894 2227 1010 2316 respira·

135 2332 221 2422 'tione
241 2355 389 2412 aquarum:
418 2353 514 2394 earnm
537 2331 613 2390 enim
636 2325 708 2408 quast
721 2349 817 2410 =vapor
831 2315 949 2406 'quidam
967 2333 1013 2392 altr

145 2419 291 2490 habendus
309 2429 357 2487 est.
394 2429 423 2486 Is
446 2441 538 2484 autern
559 2423 651 2484 existit
669 2440 747 2484 motu
768 2423 825 2506 eius
835 2420 947 2498 caloris,
965 2423 1029 2502 qui-

147 2524 225 2605 aquis
241 2522 405 2585 continetur.
445 2525 534 2605 Qram
560 2520 764 2583 finrilitudinern
789 2539 901 2582 cernere
920 2515 1029 2608 pullu,

149 2619 212 2686 nius
231 2621 260 2682 in
281 2620 326 2682 his
345 2623 431 2702 aquis,
459 2643 529 2702 quae
550 2619 729 2684 eli'ervescunt
752 2619 867 2683 subditis
890 2619 1009 2703 ignibus.

145 2719 212 2804 Jarn
226 2716 291 2778 verb
310 2717 413 2798 reliqua
435 2734 530 2797 quarta
552 2725 614 2800 pars
637 2717 741 2794 mundi,
766 2741 799 2781 ea
820 2723 852 2782 δι
873 2713 1008 2800 ipsa'tota

145 2835 243 2882 natura
254 2813 359 2876 fervida
371 2815 421 2893 est,
440 2818 471 2882 te
483 2816 581 2877 ceteris
592 2814 694 2876 naturis
704 2803 842 2880 omnibus
863 2813 1007 2882 salutarent
1024 2802 1031 2850 3

145 2914 257 2994 inpertit
270 2917 301 2980 dt
314 2912 426 2982 vitalem
438 2914 568 2974 calorem.
607 2913 652 2974 Eu¹
662 2935 718 2994 quo
729 2913 914 2990 concluditur,
942 2914 1008 2980 crim

143 3035 241 3076 omnes
252 3013 349 3072 mundi
360 3030 447 3093 partes
460 3013 638 3082 sustineantur
649 3015 753 3090 calore,
782 3016 912 3088 mundum
924 2997 1006 3080 etiarn

147 3109 238 3192 ipsum
250 3109 333 3173 strnili
345 3109 455 3190 parique
467 3129 561 3174 natura
574 3109 602 3170 in
615 3127 689 3172 tanta
701 3105 876 3175 diuturnitate
889 3111 1007 3174 servari:
1072 3133 1074 3138 ·

144 3213 233 3286 edque
245 3206 340 3293 magis,
358 3205 432 3284 qnbd
445 3205 567 3288 intelligi
578 3206 672 3282 debet,
697 3206 817 3269 calidum
836 3204 908 3265 illud
926 3224 1006 3286 atque

144 3302 259 3386 igneum
271 3301 308 3360 ita
321 3301 349 3362 in
362 3301 439 3362 omni
449 3297 535 3364 fitium
548 3301 601 3362 esse
613 3319 719 3384 natura,
737 3320 768 3363 ut
780 3304 810 3363 in
822 3323 856 3362 eo
869 3301 930 3362 insrt
939 3323 1005 3380 pro-

144 3399 258 3470 creandi
271 3400 311 3460 vis
322 3403 353 3460 dc
365 3397 452 3459 caulla
464 3399 605 3482 gignendi,
635 3403 649 3461 :l
671 3424 724 3483 quo
735 3401 927 3463 &animantia
939 3421 1003 3461 orn-

147 3495 205 3580 nia,
227 3499 259 3569 dc
272 3517 304 3560 ea
318 3517 433 3584 quorum
445 3495 538 3582 stirpes
550 3514 620 3566 terra
633 3498 819 3580 continentur,
846 3499 878 3563 δι
889 3495 963 3561 nasci
975 3494 1007 3556 srt

179 3601 185 3614 “
427 3617 430 3626 ’
624 3606 625 3610 ’
813 3607 815 3612 ·
943 3587 1065 3655 'necere
