2694 4428
454 361 674 442 Ltuua
720 365 791 446 III.
1008 366 1089 478 '133'

161 505 236 572 bertr
247 506 388 579 nominare
405 543 412 578 :
432 516 549 596 quintis,
567 539 647 598 quem
669 519 767 582 colunt
787 519 952 599 Pheneatae,
982 495 1031 603 qui
1066 546 1069 559 ¹
1139 593 1141 600 χ

162 607 202 666 oe
222 610 331 693 Argum
359 615 463 675 dicitur
494 614 681 706 interemisse,
698 617 738 676 ob
766 637 879 698 eamque
909 619 1030 681 caussam

158 703 325 785 Aegyptum
350 707 511 796 profugisse,
543 728 622 791 atque
654 707 803 796 Aegyptiis
816 713 911 804 ‘leges
935 718 967 778 δε
990 715 1029 776 li-

157 813 236 858 teras
257 803 403 866 tradidisse.
442 809 524 870 Hunc
537 806 671 890 Aegyptii
683 807 786 870 Thoth
807 810 956 890 appellant.
990 810 1030 872 E:

154 893 244 954 odem
266 901 379 961 nomine
403 903 469 962 anni
489 899 594 983 primus
619 905 716 968 mensu
737 907 810 986 apud
838 886 886 966 eos
905 921 1028 968 vocatur.

154 991 394 1076 Aesculapiorum
415 1000 531 1078 primus,
557 1003 711 1083 Apollinis,
729 1027 811 1083 quem
833 1005 957 1066 Arcades
976 1025 1025 1066 co-

153 1085 242 1162 lunt;
275 1093 321 1173 qui
342 1097 486 1175 specillum
509 1099 650 1176 invenisse,
688 1100 840 1182 primusque
862 1101 960 1163 volnus
980 1099 1024 1159 di-¹

152 1185 235 1248 citur
256 1191 437 1277 obligaville:
468 1197 614 1276 secundus,
633 1199 745 1262 secundi
762 1199 902 1260 Mercurii
921 1200 1025 1268 frater}

9 1285 10 1354 Ϊ
115 1369 118 1374 ¹
152 1281 323 1376 issfirlmine
352 1294 499 1372 perculsus,
536 1295 638 1356 dicitur
662 1295 791 1354 humatus
817 1290 1023 1375 elle·Cynoli1-

153 1379 216 1441 ris:
247 1384 352 1463 tertius,
372 1388 484 1470 Arsippi
503 1393 535 1453 δι
557 1390 711 1464 Arsinoae3
729 1391 784 1471 ·qui
799 1391 901 1470 primus
922 1409 1021 1472 purga·

154 1475 267 1572 tionem
286 1483 354 1562 alvi,
373 1488 513 1569 dentisyue
532 1487 761 1562 evolsionemut
778 1489 881 1562 ferunt,
899 1485 1021 1554 invenitt

9 1545 10 1633 i
89 1655 91 1680 ξ
152 1581 236 1662 cujus
258 1581 288 1642 in
311 1586 433 1647 Arcadia
462 1609 519 1648 non
540 1587 625 1671 longe
647 1590 662 1646 ὲ
684 1586 771 1648 Lulio
795 1585 910 1648 flumine
932 1585 1021 1664 sepul*-
1175 1657 1183 1666 ,

9 1743 11 1770 ,
150 1678 255 1742 chrum
277 1683 309 1744 dt
338 1683 415 1746 lucus
439 1685 595 1748 ostenditur.
633 1685 802 1764 Apollinum
826 1680 1021 1762 antiquissimus
1040 1697 1075 1762 23

151 1767 190 1850 is',
223 1799 303 1858 quem
324 1781 422 1859 paullo
443 1781 507 1844 anti·
532 1782 548 1843 ὲ
580 1781 710 1846 Volcano
739 1798 834 1844 natum
865 1781 919 1842 esse
949 1777 1020 1851 dixi,

152 1876 299 1938 custodem
322 1880 515 1941 Athenarum:
549 1882 620 1942 alter
646 1881 815 1962 Corybantis
835 1876 921 1954 filius,
939 1893 1019 1937 natus
1039 1899 1043 1923 t

150 1972 188 2034 in
208 1975 311 2046 Creta3
346 1978 421 2059 cujus
446 1981 481 2038 de
501 1978 552 2038 illa
574 1975 663 2038 insula
687 1998 752 2038 cum
777 1980 852 2064 Jove
874 1976 933 2056 ipso
956 1994 1016 2034 cer-

150 2086 248 2140 tamen
269 2073 347 2135 luisse
373 2075 511 2138 traditur:
547 2077 644 2139 tertius
667 2081 743 2161 Jove
771 2075 853 2137 tertio
878 2090 958 2136 natus
983 2075 1016 2135 dt

149 2169 275 2246 Latona,
302 2193 383 2253 quem
410 2196 444 2235 ex
464 2175 652 2256 Hyperboreis
672 2174 802 2254 Delphos
821 2173 913 2233 ferunt
933 2173 1017 2229 adve-
1141 2182 1145 2194 ¹

147 2265 234 2329 llill'e:
254 2287 366 2348 quartus
386 2270 417 2330 in
438 2273 571 2344 Arcadia,
595 2292 677 2347 quem
699 2271 824 2331 Arcades
845 2263 1018 2350 Nomionem

150 2365 306 2444 appellant,
331 2367 406 2444 quhd
427 2366 463 2424 ab
482 2385 517 2425 eo
535 2366 562 2426 se
581 2367 657 2446 leges
675 2365 766 2428 serunt
782 2363 922 2442 accepisse.
960 2359 1015 2421 Di-

150 2477 222 2520 anae
240 2459 308 2520 item
325 2460 436 2539 plures:
461 2459 550 2540 prima
572 2459 654 2546 Jovis
677 2463 709 2522 δι
730 2458 919 2538 Proserpinae,
949 2477 1016 2537 quae

148 2557 275 2639 primum
296 2557 463 2638 Cupidinem
482 2554 603 2640 genuisse
624 2557 742 2620 dicitur:
774 2557 889 2620 secunda
909 2555 1016 2630 notior,

148 2678 232 2739 quam
245 2659 319 2742 Jove
331 2655 409 2718 tertia
421 2660 453 2722 δε
472 2656 581 2719 Latous
601 2673 694 2718 natam
714 2655 885 2737 accepimus:
918 2653 1014 2716 tertiae

146 2769 238 2834 pater,
262 2753 334 2833 Upis
358 2754 486 2831 traditur,
505 2753 615 2815 Glauce
636 2744 739 2814 mater:
768 2773 829 2812 eam
842 2749 945 2812 Graeci
956 2750 1014 2812 sae-

145 2873 183 2932 pe
206 2851 294 2932 Upim
315 2868 430 2932 paterno
452 2851 565 2914 nomine
593 2851 741 2931 appellant.
780 2849 919 2932 Dionysos
943 2849 1026 2910 mul--

146 2965 194 3013 tos
214 2951 365 3014 habemus:
397 2951 518 3031 primum
540 2949 557 3009 ὲ
579 2951 705 3031 Jove&
726 2945 887 3028 Proserpina
902 2955 1013 3009 natum:

146 3049 297 3110 seeundum
323 3049 409 3125 Nilo,
428 3047 477 3128 qui
501 3047 608 3130 Nysam
629 3037 728 3109 dicitur
750 3041 937 3106 interemisse:
958 3061 1014 3104 ter-

145 3148 230 3224 tium,
261 3147 346 3229 Capri
376 3164 463 3228 patre,
495 3167 611 3224 eumque
636 3165 730 3226 regem
756 3130 838 3204 Assae
869 3140 1013 3221 praefuisse

146 3244 251 3305 dieunt
263 3267 272 3316 ς
303 3245 350 3306 cui
384 3243 494 3308 Sabasra
525 3245 587 3302 sunt
620 3241 766 3315 instituta,
802 3257 928 3319 quartum
961 3241 1015 3322 Jo-

151 3363 187 3404 ve
212 3344 244 3404 ὅτ
270 3342 362 3415 Luna,
393 3341 441 3401 cui
474 3341 547 3402 sacra
571 3337 697 3418 Orphica
725 3353 856 3416 putantur
886 3335 1013 3396 confici:

145 3440 271 3520 quintam
295 3439 366 3500 Niso
397 3455 492 3499 natum
513 3441 546 3501 δι
576 3437 711 3518 Thyone,
750 3437 765 3494 d
794 3456 849 3514 quo
875 3434 1015 3496 Trieteri-

147 3541 197 3604 des
214 3537 374 3601 constitutae
385 3553 525 3620 putantur.
563 3537 659 3600 Venus
679 3533 768 3614 prima
789 3523 878 3599 Caelo
902 3536 933 3599 δι
959 3531 1015 3592 Die

557 3635 612 3716 13
996 3649 1079 3710 nata3
