2664 4378
384 413 449 498 Li
471 429 496 497 ’Β
519 438 588 496 ER
629 409 700 504 ΙῘ.
949 423 1004 532 ‘49

80 555 148 648 Qris
168 559 243 629 enim
262 569 515 648 hippocentaurum
533 567 614 630 fuisse
635 585 680 631 aut
698 567 865 630 chimaeram
888 585 941 652 pn-
1010 567 1014 574 ’

80 671 134 721 tat?
159 683 263 742 quaeve
275 683 343 723 anus
355 679 412 723 tam
425 684 522 724 excors
533 663 653 724 inveniri
665 663 763 744 potest,
789 683 856 742 quac
878 667 952 744 illa,

85 779 147 835 qnae
166 764 307 840 quondam
328 757 519 836 credebantur,
538 761 618 840 apud
638 759 741 820 inferos
753 777 879 839 portenta
891 783 941 822 ex-

78 855 214 920 timescat?
244 858 407 939 opinionum
423 857 509 920 'enlm
531 875 687 938 commenta
706 859 782 919 delet
794 858 871 932 dies3
890 881 940 922 na·
968 889 970 900 ·

78 971 149 1018 turae
170 957 275 1039 judicia
296 957 449 1018 confirmat.
487 958 585 1035 ltaque
606 959 637 1017 dc
661 957 692 1016 in
713 955 808 1018 nostro
830 960 938 1039 populo

76 1047 143 1114 &iu
163 1055 265 1116 ceteris
285 1055 412 1116 Deorum
434 1055 524 1115 culnts
541 1053 758 1136 religionumque
780 1055 935 1119 sanctitates

73 1152 188 1214 exiliunt
201 1153 230 1214 in
243 1153 302 1215 dles
321 1155 438 1235 majores
457 1169 539 1232 atque
558 1153 712 1214 melioret·
735 1153 822 1232 quue
839 1158 934 1217 evenit

71 1269 123 1308 non
134 1249 240 1312 temere
251 1269 304 1310 nec
315 1251 387 1324 casu,
407 1247 452 1310 sed
470 1250 548 1328 quod·
563 1247 743 1328 praesentiam
765 1250 843 1328 saepe
860 1251 930 1313 Divi
947 1305 952 1312 .

71 1348 142 1408 fitam
164 1349 328 1428 declarantt
357 1364 390 1407 ut
409 1351 441 1411 ἃ
466 1349 538 1427 apud
559 1347 708 1429 Regillum
721 1347 798 1408 bello
812 1349 931 1422 Latino,-

73 1463 145 1522 mm,
173 1446 239 1507 cum
259 1433 300 1506 AL
316 1445 678 1507 Postumius-dictatorcm
690 1435 813 1505 Odia'vio
826 1448 933 1508 Mami*
1002 1513 1005 1521 ,

69 1543 108 1605 Ιίο
121 1545 288 1606 Tusculano
299 1545 406 1626 praelio
418 1546 572 1620 dimicaret,
598 1545 628 1605 in
645 1545 737 1606 noslra
756 1544 815 1606 acie
833 1547 932 1608 Castor

71 1643 101 1704 &
115 1641 220 1704 Pollux
242 1663 277 1703 ex
303 1643 380 1723 equis
402 1654 524 1727 pugnare
546 1641 692 1706 visisunt:
722 1645 754 1706 ὅτ
778 1643 932 1708 recentiore

73 1740 207 1802 memoria
219 1740 294 1803 ldem
306 1738 485 1826 Tyndaridae
498 1743 600 1804 l’ersett
609 1741 715 1803 vidium
727 1743 931 1807 nuntiaverunt.
995 1763 1001 1773 ’

71 1843 102 1902 Ρ.
113 1841 189 1903 enim
202 1841 346 1918 Vatiennt,
365 1849 434 1902 aiut
444 1843 523 1923 hujus
535 1842 726 1916 adulescentis,
743 1841 809 1901 ciam
822 1841 838 1899 a
850 1862 932 1920 prae-

66 1936 169 2000 fedrrra
193 1937 315 1998 Reatina·
337 1938 462 1998 Romam
486 1937 611 1998 venienti
629 1937 716 1996 nostra
738 1937 795 1996 dun
816 1940 929 2021 juvenes

67 2053 130 2096 cum
145 2033 224 2114 equis
234 2033 304 2096 albis
316 2031 445 2096 dixissent
453 2019 563 2119 Regerli
572 2033 670 2096 Persen
683 2033 736 2095 illo
749 2035 793 2096 die
805 2055 927 2118 captum,

68 2132 324 2196 senatuinuntiavlt.
362 2133 399 2194 Et
409 2133 510 2213 primo,
522 2133 593 2215 quast
607 2132 710 2195 temere
721 2135 757 2196 de
768 2135 926 2216 Republica
1037 2137 1040 2144 ¹
1105 2191 1107 2201 .

65 2231 184 2309 locunas,
203 2232 233 2294 ln
244 2249 383 2294 carcerem
395 2234 536 2316 conjecius
548 2234 608 2295 esta
642 2235 713 2313 post,
742 2236 923 2296 il'aulloli·
975 2227 990 2242 ⁸

64 2331 126 2390 teris
137 2332 246 2407 adlatis,
264 2333 331 2393 cum
343 2331 418 2392 idem
429 2331 488 2391 dies
503 2327 684 2399 constitissem
710 2333 742 2390 δι
763 2351 831 2410 agro
850 2352 866 2388 a
884 2333 926 2390 se-

65 2449 142 2504 natu,
160 2433 192 2491 δι
207 2431 351 2490 vacatione
363 2431 477 2487 donatus
491 2430 541 2486 est.
583 2427 675 2504 Atque
699 2424 790 2484 etlam·
806 2426 871 2487 crim
895 2428 932 2486 ad

63 2524 183 2584 fluvium
195 2525 310 2603 Sagram
322 2519 497 2584 Crotoniatas
508 2519 605 2580 Locri·
614 2537 745 2584 maxumo
759 2524 867 2604 praelio
878 2528 929 2588 dea

64 2618 200 2695 vicissent,
227 2641 263 2680 eo
283 2619 342 2698 ipso
363 2617 409 2680 die
428 2617 550 2678 auditam
569 2617 623 2680 esse
644 2637 705 2681 eam
717 2641 838 2704 pugnam
850 2625 926 2687 ludia

66 2720 225 2804 Olympiae,
254 2719 404 2780 memoriae
425 2717 566 2798 prodimm
578 2720 626 2781 est.
664 2709 752 2803 Saepe
764 2723 924 2788 Faunorum

68 2841 147 2881 voces
165 2816 321 2893 exauditae,
347 2819 425 2899 saepe
444 2816 516 2879 visae
528 2817 634 2878 formae
646 2817 784 2897 Deomm,
802 2825 925 2904 quemvis

67 2936 121 2976 non
146 2934 193 2975 ant
219 2915 359 2990 hebetem,
391 2933 438 2975 aut
462 2915 580 2994 inpium,
613 2917 692 2978 Dens
709 2920 860 2998 praesentes
870 2921 925 2984 esse

69 3013 196 3076 confiteri
212 2997 390 3109 coegeruntl
408 3015 613 3076 l'raedidliones
631 3033 697 3078 vero
718 3021 750 3079 dc
764 3019 927 3097 ptaesenslo-
965 3031 985 3106 3'

68 3133 115 3173 tet
137 3129 229 3171 rerum
250 3114 403 3174 suturarum
421 3112 488 3192 quid
499 3112 577 3174 aliud
590 3115 742 3191 declarant,
770 3115 820 3177 nist
833 3119 925 3182 homi·
981 3157 982 3162 κ

69 3213 203 3283 nibusea,
221 3211 362 3289 quaesunt,
381 3213 497 3289 ostendi,
516 3215 670 3290 monstrari,
689 3219 826 3296 portendi,
847 3241 926 3300 prae·
957 3267 959 3273 -

66 3309 140 3372 dicit
169 3327 206 3370 eat
219 3331 273 3389 qno
286 3311 336 3372 illa
348 3313 462 3386 ostenta,
482 3313 611 3389 monstra,
631 3335 767 3396 portenta,
795 3321 920 3404 prodigia

70 3404 203 3468 dicuntur.
243 3408 327 3488 chd
349 3407 369 3470 st
390 3430 423 3469 ea
444 3407 510 3470 ficta
530 3411 667 3472 credimus
689 3414 800 3475 licentia
821 3418 928 3480 sabula-

69 3520 139 3577 tum,
165 3502 310 3583 Mopsum,
328 3503 475 3582 Tiresiam,
496 3505 709 3586 Amphiaraum,
734 3511 927 3590 Calchantem,

70 3599 205 3700 lielenum
220 3627 229 3675 3
247 3623 318 3683 quoa
327 3617 428 3667 tamen
440 3625 557 3690 auguret
566 3629 601 3670 ne
613 3609 688 3690 ipsae
696 3611 808 3691 quidem
820 3611 928 3674 fabulae
941 3651 948 3663 ι

530 3704 561 3768 D
902 3709 990 3776 adsela
