2676 4368
420 253 655 383 sLmuu
694 303 727 386 I·
838 409 842 416 ἢ
1030 333 1088 418 ²52

157 457 216 524 Uim
227 453 282 519 esse
292 458 401 522 caelum
410 469 490 543 atque
502 472 615 530 terram,
632 455 712 518 nulla
725 467 965 539 eogentenatuta,
976 455 1025 520 sed

160 555 293 621 concursu
306 559 424 638 quodam
436 557 563 620 fortuito.
584 557 667 616 Hanc
676 569 710 618 tu
720 557 890 636 opinionem,
908 556 943 617 C.
957 557 1029 618 vet-

160 650 213 728 lei,
231 653 313 734 usque
335 658 372 718 ad
394 656 467 716 hanc
486 671 602 720 aetatem
614 653 777 734 perduxisti,
794 653 958 738 priusquete
970 653 1030 734 quio

156 753 196 818 de
218 753 298 818 omni
319 754 396 816 vitae‘
416 755 486 814 statu
497 755 577 833 quim
589 755 624 816 de
643 752 693 813 ista
705 751 870 814 auetoritate
881 750 1029 832 dejecerit:

158 865 226 912 ante
247 851 325 912 enim
342 851 471 934 judicasti
492 850 661 932 Epicureum
680 866 708 914 te
729 847 786 911 esse
808 839 937 930 oportere
949 845 1031 927 quim

103 1031 105 1038 Ι
156 947 211 1016 isia
224 949 391 1032 cognovisti.
430 953 474 1014 Ita
493 949 599 1014 necesse
610 949 664 1009 fuit
676 967 720 1018 aut
735 951 805 1016 haec
818 947 925 1034 flagitia
936 945 1032 1010 conci-

157 1065 227 1124 pere
238 1046 344 1122 animo,
362 1061 410 1106 aut
422 1047 560 1126 susceptae
572 1045 765 1126 philosophiae
778 1065 881 1112 nomen
893 1037 1029 1112 amittere.

158 1141 239 1223 Qtid
257 1143 333 1204 enirn
356 1165 476 1219 mereas,
493 1159 524 1204 ut
546 1142 699 1224 Epicureus
712 1143 766 1205 ede
777 1135 907 1208 desmas't
944 1139 1032 1204 Nihil
1091 1138 1097 1151 '

158 1239 301 1318 equidem,
319 1239 420 1319 inquis,
439 1255 470 1300 ut
490 1239 627 1306 rationem
640 1241 713 1302 vitae
725 1239 821 1314 beatae
833 1229 1042 1318 veriuoemque'
1124 1237 1128 1246 ⁴

160 1334 296 1416 deseram:
333 1334 535 1423 Istaigiturost
554 1337 682 1422 veritas?
714 1337 790 1398 Nam
813 1338 850 1398 de
872 1333 930 1400 vita
950 1334 1032 1396 beata

159 1427 237 1496 nihil
250 1451 392 1514 repugno;
411 1448 572 1517 quamtum
594 1431 624 1494 iu
646 1433 712 1493 Deo
723 1431 837 1511 quidem
858 1429 913 1491 esse
930 1429 1034 1506 censes,

162 1530 215 1593 nist
227 1527 311 1616 plani
323 1529 382 1593 otio
395 1530 534 1614 langueat.
549 1509 557 1628 i
573 1531 630 1592 Sod
643 1529 692 1590 ubi
704 1530 745 1591 est
758 1530 879 1592 ueritas?
904 1527 940 1588 Iu
949 1527 1043 1588 murm

161 1629 217 1706 dis,
235 1631 318 1708 cedo,
331 1627 589 1708 innumerabilibus,
602 1629 728 1698 omnibus
740 1627 863 1691 minimis
874 1643 1033 1710 temporum

158 1725 280 1809 poneris,
299 1724 363 1789 aliis
374 1726 556 1805 nascentibus,
568 1725 631 1790 aliis
642 1725 820 1791 cadentibus:
839 1747 876 1786 au
888 1724 919 1786 in
930 1723 1035 1786 indivi-

158 1821 223 1888 duis
234 1823 415 1901 corpusculis,
434 1840 492 1886 tam
504 1825 647 1903 praeclara
659 1843 755 1904 opera,
773 1823 854 1883 nulla
874 1822 1034 1884 moderante

163 1934 276 1993 natura,
294 1920 376 1979 nulla
389 1919 508 1994 ratione,
527 1919 717 2002 fingentibus?
746 1919 802 1978 Sed
815 1917 919 1980 oblitus
929 1919 1035 1982 libera-

95 2031 98 2038 ·
161 2012 250 2082 litatis
262 2034 352 2088 meae,
371 2035 425 2093 qua
439 2031 529 2077 tecum
541 2013 639 2094 paullo
658 2011 725 2074 anti
743 2013 784 2074 uti
794 2034 950 2096 coeperam,
968 2007 1049 2098 plu-'

161 2131 193 2181 ra
205 2109 387 2190 complestor.
427 2111 587 2173 Concedam
600 2109 695 2194 igitur,
713 2135 748 2176 ex
761 2113 913 2178 individuis
924 2115 1033 2178 consta-

159 2211 306 2292 adomnia.
345 2199 424 2298 Qud
435 2211 471 2272 ad
483 2219 565 2276 rem?
583 2211 714 2278 Deorum
727 2212 801 2275 enirn
813 2229 913 2277 natura
925 2209 1035 2292 quaeri-

149 2327 213 2394 tur..
254 2309 319 2374 Sint
341 2307 403 2372 sane
424 2329 459 2370 ex
472 2307 589 2374 atomis:
610 2329 668 2370 non
681 2307 768 2389 igitur
781 2309 909 2372 aeterni:
927 2307 993 2384 quia
1004 2327 1036 2366 e-

162 2403 223 2464 nim
236 2425 273 2463 ex
292 2402 395 2460 atomis
412 2398 458 2472 srt,
477 2403 508 2456 id
532 2417 629 2458 natum
648 2399 797 2476 aliquando
809 2399 849 2464 stt.
888 2398 920 2460 si
931 2417 1036 2478 uatum,
1117 2444 1122 2456 .

163 2497 239 2564 nulli
252 2498 293 2557 Di
313 2495 388 2569 anti,
407 2495 487 2574 quim
499 2492 578 2552 uati:
595 2496 628 2559 δε
648 2491 762 2556 stortus
782 2493 821 2556 est
833 2495 972 2574 Deorum,
990 2496 1036 2558 in.

162 2579 260 2666 teritus
279 2589 313 2656 ,fit
337 2575 441 2654 neciffe
462 2589 513 2664 esi,
543 2605 573 2650 ut
597 2607 627 2652 ru
648 2589 747 2670 paullo
766 2591 828 2656 ant‘e
849 2593 886 2654 de
907 2593 1033 2660 Platonis

161 2690 269 2755 mundo
279 2686 444 2766 disputabas.
485 2685 546 2750 Ubi
562 2686 646 2769 igitur
658 2685 731 2746 illud
744 2687 863 2753 vestrum
876 2689 988 2754 beatum
999 2693 1033 2754 dc

159 2772 328 2855 aeternum?
354 2781 453 2861 quibus
480 2782 590 2843 duobus
621 2781 713 2846 verbis
745 2783 903 2866 significatis
929 2787 1032 2850 Deum.

161 2881 247 2966 Qod
260 2883 327 2948 cum
339 2875 450 2941 efficere
463 2875 557 2954 voltis,
575 2877 732 2939 indometa
748 2879 904 2962 oonrepitis.
943 2883 987 2944 Ita
1000 2907 1032 2945 e-

163 2977 222 3040 nim
235 2975 359 3052 dicebar,
378 2995 434 3034 non
447 2981 547 3054 corpus
558 2971 613 3035 elie
626 2973 655 3034 in
674 2974 750 3050 Deo,
768 2975 816 3036 sed
826 2975 901 3056 quasi
913 2998 1030 3060 corpus,

162 3089 217 3142 nec
237 3071 406 3156 sangumm,
424 3070 470 3132 sed
490 3086 624 3150 tanquam
639 3065 807 3152 fitaguimm.
844 3075 911 3134 Hoc
922 3075 1027 3154 persae-
1050 3095 1089 3164 25

164 3191 201 3254 pe
213 3169 312 3246 facitis,
331 3186 375 3244 ut,
393 3171 457 3232 etim
476 3169 582 3249 aliquid
605 3189 663 3228 non
687 3168 746 3230 veri
768 3169 857 3234 fimile
870 3167 979 3249 dicaris,
997 3177 1030 3238 δε

163 3266 289 3348 effugere
310 3263 546 3346 reprehensorem
569 3259 672 3338 uelitis,
691 3265 818 3328 adferatis
829 3268 944 3348 aliquid,
955 3273 1032 3350 quod

164 3364 285 3433 omnino
297 3383 332 3423 ne
345 3361 407 3422 sieri
420 3364 526 3443 quidem
540 3362 637 3442 posiit:
657 3360 689 3423 u't
701 3362 779 3428 fitius
800 3367 881 3430 suerit
899 3368 971 3432 illud
989 3368 1033 3448 ip⁴

164 3465 235 3546 itm,
247 3461 289 3534 de
302 3480 358 3550 quo
369 3457 574 3551 ambigebatur,
591 3459 758 3547 concedere,
776 3467 857 3542 quam
879 3483 936 3528 tam
954 3463 1034 3544 impu·
1051 3543 1053 3560 Ι

300 3580 304 3598 ·
994 3559 1096 3618 denter
