2694 4428
312 411 387 492 144
472 387 547 466 De
590 384 834 469 Nurum
869 352 1123 508 Duorum

363 534 531 612 amiculum,
549 525 650 618 grandi
663 538 796 618 pondere,
816 559 871 617 quo
883 541 986 620 Jovem
1004 557 1113 599 omarut
1122 557 1154 598 ex
1166 539 1223 596 md*

359 633 452 695 nubiis
463 634 734 717 Karthaginiensium
747 655 877 717 tyrannus
889 638 978 697 Gelo:
999 636 1076 716 atque
1100 636 1128 696 in
1146 655 1177 695 eo
1191 637 1221 694 c'-

358 733 427 793 tiam
440 721 585 796 cavillatus
595 735 645 809 est,
656 736 754 794 aestate
763 733 921 816 graveesse
939 756 1050 798 aureum
1063 734 1218 804 amiculum,-

360 829 456 892 hieme
468 833 621 916 frigidum:
649 834 728 914 eique
741 835 855 894 laneum
869 825 988 914 pallium
1001 828 1099 916 injecit,
1116 831 1176 890 cum
1191 821 1221 886 id

357 929 411 990 elle
422 933 457 990 ad
470 947 552 994 bmne
563 928 628 992 anui
641 948 746 1012 tempus
763 921 879 992 diceret.
918 931 1052 1010 Idemque
1072 919 1217 1002 Aesculapi

356 1027 490 1108 Epidauri
503 1031 615 1092 barbam
627 1050 739 1090 auream
755 1019 829 1092 derni
839 1029 927 1112 juffit3
956 1020 1132 1108 nequeenim
1149 1041 1214 1083 uun-v
1257 1103 1260 1110 ι
1334 1047 1339 1322 Ι

356 1125 459 1200 venire,
479 1127 621 1190 barbatum
634 1129 687 1190 esse
702 1117 801 1206 filium,
820 1131 885 1190 cum
899 1128 928 1188 in
941 1127 1068 1188 onmibus
1085 1120 1152 1185 fanis
1169 1142 1216 1201 pa-

353 1239 395 1284 ter
407 1223 540 1288 imberbis
550 1227 625 1290 eslet.
663 1229 793 1309 Idemque
811 1229 915 1288 mensas
927 1241 1076 1310 argenteas
1087 1219 1219 1314 deumnia

353 1323 407 1384 bus
418 1323 543 1386 delubris
552 1325 626 1408 jullit
638 1327 788 1387 auferri:
779 1348 809 1387 in
830 1319 925 1406 quibus
936 1327 1012 1406 qubd
1034 1347 1113 1384 more
1126 1306 1220 1382 veteris
1334 1325 1338 1371 l

353 1419 488 1482 Graeciae
500 1421 657 1501 mscrrpnrm
670 1420 746 1498 esset,
767 1423 934 1483 Bonorum
955 1423 1122 1490 Duorum
1142 1413 1228 1476 utilb
1335 1418 1339 1510 1

349 1539 448 1586 eorum
461 1519 584 1581 bonitate
596 1521 670 1584 velle
682 1521 800 1582 dicebat.
835 1524 915 1583 Idem
929 1515 1102 1584 Vidloriolas
1114 1533 1219 1585 aureas,

350 1619 383 1680 &
407 1637 524 1698 peteras,
543 1623 720 1702 cornnnstme,
739 1643 849 1700 quaer
831 1623 1061 1694 fimulachrorum
1086 1604 1221 1698 porredlie

350 1715 479 1776 manibus
491 1717 699 1793 sustinebanmr‚
719 1717 773 1778 fine
786 1717 959 1778 dubitatione
972 1715 1090 1777 tollebat
1105 1739 1123 1786 3·
1135 1719 1219 1789 eaque
1334 1717 1336 1789 fi

349 1813 523 1895 reaccipere,
542 1814 727 1893 nonauferre,
745 1817 869 1878 dicebat:
890 1815 943 1877 esse
970 1814 1045 1877 enim
1066 1812 1221 1886 stultitiam,
1334 1863 1336 1886 p

339 1913 366 1971 ,ὰ
377 1914 473 1990 quibus
485 1913 557 1975 bona
569 1935 757 1996 precaremur,
777 1912 813 1974 ab
837 1909 870 1976 iis
892 1911 1138 1996 porrigentibus&
1152 1911 1220 1968 dan-
1334 1919 1335 1930 ¹

349 2010 423 2068 tibus
434 2013 513 2071 nolle
526 2015 640 2074 sumere.
664 2017 849 2094 Eundemque
864 2015 958 2073 ferunt
970 2013 1050 2086 haec,
1068 2033 1139 2090 quae
1150 2005 1222 2081 dixi,

343 2107 455 2168 ¹sublatur
467 2109 502 2168 de
521 2108 591 2168 fanis
610 2111 641 2168 in
658 2111 750 2170 forum
773 2107 926 2188 protulisse,
945 2111 976 2174 dc
989 2125 1039 2190 per·
1051 2117 1220 2190 praeconem

350 2201 519 2276 uendidisse3
537 2205 683 2285 exactaque
696 2205 810 2282 pecunia
823 2205 948 2280 edixisse,
968 2228 997 2268 ut
1009 2211 1083 2284 quod
1098 2207 1216 2283 quisque

348 2305 457 2364 isacris
469 2303 594 2381 haberet,
611 2303 641 2364 id
655 2317 718 2364 ante
730 2303 806 2364 diem
818 2319 921 2362 certem
939 2303 969 2362 in
993 2303 1071 2362 suum
1089 2305 1215 2384 quidque

347 2399 439 2464 fanum
453 2401 583 2462 referret:
615 2400 652 2460 ita
676 2401 712 2484 ud
735 2399 895 2480 inpietatem
909 2396 939 2460 in
959 2399 1036 2460 Deos
1048 2399 1077 2460 in
1089 2399 1221 2460 homines

291 2517 327 2578 35
348 2495 474 2578 adjunxit
486 2497 621 2578 injuriam.
661 2498 747 2558 Hunc
760 2497 845 2580 igitur
865 2517 917 2557 nec
936 2497 1073 2576 Olympus
1086 2495 1220 2578 Juppitet

287 2635 296 2670 ,ν
345 2595 461 2658 fulmine
473 2592 609 2674 percussu,
628 2614 680 2654 nec
702 2595 886 2675 Aesculapius
905 2596 1006 2656 misero
1028 2595 1217 2674 diuturnoque

343 2694 444 2755 morbo
458 2692 640 2752 tabescentem
656 2692 814 2754 interemit:
828 2711 905 2774 atque
920 2695 948 2761 in
960 2695 1009 2754 suo
1022 2693 1128 2756 ledulo
1138 2714 1215 2754 mor·

344 2805 417 2866 tuus,
436 2790 467 2851 in
479 2790 664 2872 Tympanidis
677 2813 776 2876 rogum
793 2791 894 2854 inlatus
912 2793 970 2862 est;
996 2811 1107 2869 eumque
1121 2781 1216 2868 potes-

338 2906 442 2968 tatem,
462 2912 541 2972 quam
554 2889 609 2972 ipse
622 2911 671 2970 per
684 2889 772 2952 scelus
783 2906 841 2950 erat
859 2891 965 2962 nabitu,
984 2887 1056 2967 quast
1066 2884 1165 2970 justam
1178 2892 1214 2954 ὅς

337 2989 508 3074 legitimam,
527 2988 686 3052 hereditatis
701 2988 767 3048 loco
779 2987 840 3048 filio
852 2987 973 3048 tradidit
1008 2985 1119 3048 Invita
1110 3006 1140 3046 m
1153 2989 1214 3052 hoe

342 3090 410 3154 loco
422 3092 542 3152 versatur
552 3088 658 3158 oratio:
680 3078 789 3150 videtur
800 3086 874 3149 enim
894 3085 1086 3146 auctoritatem
1099 3081 1212 3170 adferte

337 3187 484 3271 peccandi.
521 3185 614 3249 Rem
627 3185 782 3256 videretur;
801 3183 849 3245 nifi
859 3182 1007 3245 &uirtutis
1019 3187 1049 3246 bc
1063 3179 1211 3262 vitiorum,

342 3288 399 3350 fine
421 3288 480 3348 ulla
500 3285 594 3347 divina
616 3282 734 3358 ratione,
753 3303 834 3366 grave
848 3279 928 3361 ipsius
940 3273 1123 3350 conscientiae
1137 3301 1227 3360 pon-·

341 3388 392 3452 dus
403 3383 485 3448 esset:
505 3407 558 3464 qua
571 3382 686 3459 sublata,
702 3383 792 3464 jacent
804 3381 905 3441 omnia.
947 3379 987 3440 Ut
1000 3375 1075 3438 enim
1088 3398 1140 3438 nec
1153 3373 1205 3436 dn-

280 3505 290 3560 ξι
342 3508 413 3559 mus,
431 3502 483 3544 nec
495 3481 649 3560 respublica
666 3480 771 3542 ratione
782 3479 898 3557 quadam
911 3479 942 3550 ὃς
959 3475 1103 3580 disciplina
1116 3473 1209 3535 des
1161 3493 1209 3554 g

338 3601 403 3649 nata
415 3585 549 3661 videatur,
569 3581 676 3643 stinea
689 3600 740 3644 nec
757 3576 833 3643 redi
857 3575 938 3639 fenis
958 3569 1080 3672 praemia
1107 3587 1205 3635 extant

1134 3667 1210 3752 nlla,
1222 3748 1226 3762 .
