2676 4368
447 407 724 490 Ltnanl.
853 485 856 490 ,
983 433 1055 516 37,

116 556 231 638 dfpares
250 579 351 634 mores,
372 557 404 621 δι
425 557 550 620 moribus
562 558 810 646 smillimisfiguta
821 560 976 628 dissimilis?
1072 571 1074 582 '

112 651 221 714 Etenim
235 654 255 714 st
269 655 366 734 s'emel,
378 654 486 732 Vellei,
499 655 658 735 suscipimus
669 677 754 740 genus
765 659 822 720 hoc
831 678 976 740 argumen-

106 749 137 824 ti,
154 754 272 816 adtende
293 758 346 832 qud
369 751 473 832 serpat:
492 769 522 814 tu
534 753 610 814 enim
625 755 761 832 sumebas,
779 755 829 816 nist
844 756 875 834 in,
885 739 977 826 homi-

108 850 149 910 nis
161 850 253 933 ligura
267 851 402 941 rationem
413 849 494 913 inesse
507 873 563 914 non
576 853 649 932 posse
658 882 672 916 ι,
687 857 776 918 sumet
788 857 868 936 alius,
885 853 935 916 nifi
949 853 979 917 in

103 949 224 1012 terrestri
232 972 241 1022 ;
260 949 310 1010 nifi
325 951 413 1028 ineo,
432 950 481 1031 qui
494 968 574 1012 natus
586 951 619 1014 stt
626 977 636 1025 3
653 954 703 1015 nist
715 955 745 1016 in
756 973 808 1032 eo,
817 954 862 1036 qni
876 955 973 1015 adole·

106 1048 199 1119 verit;
217 1048 268 1110 nist
286 1049 373 1125 ineo,
392 1048 440 1130 qni
453 1048 603 1123 didicerit3
617 1051 668 1113 nist
690 1053 720 1114 in
739 1075 786 1129 eo,
804 1053 853 1133 qui
871 1073 907 1114 ex
919 1049 978 1112 ani-

105 1168 153 1206 mo
165 1147 271 1209 constet
285 1151 318 1212 bt
329 1170 447 1228 corpore
459 1151 565 1210 caduco
579 1151 610 1212 δι
624 1149 754 1226 insinno;
773 1153 911 1231 postremo
926 1148 977 1210 nist

101 1241 352 1324 inhomineatque
366 1244 484 1306 mortali.
506 1245 588 1327 Qubd
616 1245 636 1306 st
654 1246 821 1308 inomnibus
844 1245 887 1308 his
900 1245 979 1308 rebus

103 1340 223 1417 obsistis,
242 1342 308 1420 quid
320 1343 360 1404 est
372 1343 443 1424 qubd
455 1362 484 1410 te
496 1345 587 1408 forma
599 1365 654 1406 una
667 1333 836 1406 conturbet}
874 1344 928 1404 His
946 1365 980 1402 e·

102 1436 168 1498 nim
181 1437 318 1514 omnibus,
337 1460 403 1520 quae
416 1441 557 1521 proposui,
575 1441 724 1523 adjunstis,
743 1439 772 1500 in
784 1439 899 1501 homine
911 1436 986 1526 rati·¹

104 1555 192 1603 onem
212 1535 265 1598 esse
287 1539 319 1600 δι
331 1555 453 1602 mentem
466 1541 593 1602 videbas:
607 1539 711 1620 <quibus
722 1537 866 1612 detrasiis,
885 1536 978 1597 Deum

105 1631 290 1694 tamennosse
307 1650 335 1696 te
347 1635 429 1712 dicis,
450 1637 534 1698 modo
547 1637 713 1697 lineamenta
735 1650 872 1696 maneant.
914 1634 986 1691 Hoc'
1012 1619 1018 1708 Ι

101 1726 143 1788 2st
150 1749 207 1788 Ποῦ
219 1728 406 1807 confiderare,
426 1733 472 1795 sed
484 1730 556 1813 quast
570 1731 661 1792 sortiri
675 1730 738 1811 quid
751 1731 875 1812 loquare.
915 1724 979 1790 Nist
1012 1735 1020 1817 l
1065 1724 1070 1732 ’

100 1821 176 1894 forte
188 1845 223 1886 ne
235 1826 292 1885 hoe
304 1825 415 1904 quidem
429 1827 565 1899 adtendis,
583 1846 642 1886 non
656 1827 744 1899 modb,
753 1826 783 1911 in
795 1821 923 1894 homine,
934 1819 980 1880 sed

104 1916 192 2002 etiam
205 1918 235 1977 in
246 1919 358 1994 arbore,
375 1919 507 1998 quioquid
518 1920 748 1998 supervacaneum
772 1915 815 1991 stt,
834 1931 882 1976 aut
902 1915 980 1982 usum

101 2033 163 2074 non
184 2013 296 2090 habeat,
315 2015 434 2078 obstate.
473 2015 564 2098 Quam
585 2015 731 2084 molestum
749 2013 788 2076 est
808 2032 867 2074 uno
887 2011 978 2094 digito

103 2110 308 2192 plushabere3
327 2111 392 2194 quid
405 2113 463 2176 ita?
493 2112 555 2192 quia
566 2135 619 2178 nec
634 2113 751 2196 speciem
772 2109 981 2174 necusumali-
1067 2109 1068 2114 ’

107 2233 156 2276 um
168 2212 289 2293 quinque
300 2211 462 2274 destderant.
496 2211 580 2274 Tuus
590 2231 682 2278 autem
695 2213 772 2274 Deus
784 2231 842 2272 non
851 2207 943 2290 digito
950 2230 981 2268 u·

108 2331 152 2385 no
158 2313 311 2388 redundat,
325 2313 371 2372 sed
384 2312 487 2390 capite,
499 2312 590 2387 collo,
600 2308 766 2384 cervicibus,
777 2305 923 2376 lateribus,
940 2303 983 2360 al-

105 2429 155 2484 vo,
173 2425 265 2492 tergo,
282 2409 450 2488 poplitibus,
461 2407 599 2478 manibus,
610 2403 740 2484 pedibus,
753 2400 912 2475 feminibus,
922 2419 986 2460 ctu-

108 2507 198 2572 ribus.
237 2504 270 2564 si
281 2519 312 2566 ut
326 2501 481 2564 inmortalis
491 2501 535 2580 fit,
553 2503 620 2582 quid
632 2503 701 2571 haec
713 2503 748 2562 ad
760 2501 847 2562 vitam
859 2495 983 2560 membra

107 2599 272 2682 pertinent?
291 2597 357 2678 quid
371 2597 427 2678 ipsa
439 2595 544 2660 facies?
563 2597 662 2682 Magis
672 2595 735 2674 illa,
746 2588 909 2672 cerebrum,
915 2615 977 2670 cor,

104 2700 264 2783 pulmones,
286 2699 384 2780 jecur:
405 2697 476 2760 haec
487 2697 561 2760 enim
572 2698 634 2776 sunt
645 2697 790 2759 domicilia
803 2694 887 2759 vitae.
915 2694 982 2756 Oris

107 2799 222 2880 quidem
235 2797 350 2862 habitus
360 2798 396 2858 ad
408 2795 481 2858 vitae
494 2795 657 2858 firmitatem
678 2796 752 2858 nihil
772 2795 900 2877 pertinet.
940 2797 981 2854 At
1003 2799 1040 2874 36

106 2915 157 2956 eos
167 2893 354 2974 vituperabas,
372 2891 422 2971 qui
444 2912 482 2952 ex
497 2891 628 2970 operibus
640 2890 794 2974 magnificis
806 2905 886 2968 atque
905 2909 984 2970 prae-

106 2989 206 3065 claris,
223 2993 291 3052 cnm
304 2988 394 3070 ipsum
407 2990 553 3062 mundum,
565 2987 632 3048 ciun
644 2988 707 3068 ejus
715 2988 851 3062 membra,
861 2986 986 3060 caelum,

104 3106 212 3161 ‚tettan
231 3089 329 3164 maria,
348 3089 468 3168 cvlmque
489 3089 591 3150 horum
613 3080 739 3167 insignia,
759 3085 858 3156 solem,
878 3083 985 3156 lunam,

106 3183 256 3262 stellasque
268 3184 407 3258 vidissent,
425 3185 545 3262 cumque
557 3197 713 3262 temporum
726 3179 906 3253 maturitates,
925 3197 988 3238 mu-

111 3283 245 3356 tationes,
263 3281 508 3362 vicissitudinesque
538 3277 739 3362 cognovissent,
758 3274 884 3356 suspicati
905 3271 990 3335 essent

111 3381 241 3460 aliquam
253 3379 441 3440 excellentem
453 3376 508 3442 elle
527 3378 744 3457 pressantemque
765 3392 902 3445 naturam,
921 3391 990 3448 quae

114 3481 189 3540 haec
209 3469 325 3547 fecisset,
344 3489 480 3548 moveret,
498 3488 617 3555 regeret,
636 3471 809 3554 gubernaret.
849 3466 918 3546 Qti,
937 3463 990 3524 eti-

120 3568 205 3632 amst
219 3568 348 3634 aberrant
373 3567 569 3653 aconjeerura,
588 3564 672 3627 video
692 3581 785 3628 tamen
805 3562 873 3646 quid
885 3559 997 3638 sequan-

549 3663 679 3749 C3'
764 3681 766 3686 ·
842 3649 1052 3715 ''¹''turs
