2698 4444
434 391 656 470 Ltnau
701 386 773 467 ΙΙΙ.
987 417 1056 496 141

149 541 457 616 sraudemhominibus,
484 563 541 603 non
562 544 597 604 ad
610 541 760 604 bonitatem
785 542 1010 622 inpertitumesse

150 646 281 704 videatur.
320 641 375 702 Sed
397 640 500 722 urgetis
527 639 690 712 identidem,
709 639 854 700 homiuum
866 640 1007 702 esseistam
1028 663 1061 724 31

151 744 350 820 culpam,'uon
359 739 496 821 'Deorum
535 737 577 800 Ut
590 736 608 798 st
622 739 746 810 medicus
758 739 922 819 gravitatem
935 764 1010 802 mor-

150 841 190 912 bi,
208 841 378 922 gubernator
400 839 456 899 vim
469 837 633 916 tempestatis
651 837 774 900 accuset:
794 836 843 898 etsi
855 838 886 898 hi
897 839 1008 920 quidem

149 939 326 1012 homunculi,
345 937 389 997 sed
402 953 493 996 tamen
506 934 628 996 ridiculi.
667 935 819 1018 Qtisenim
833 954 860 998 te
871 938 1011 998 adhibuis-

149 1039 199 1113 set,
220 1035 324 1100 dixerit
335 1033 480 1114 quispiam,
498 1033 517 1094 si
532 1034 647 1094 illanon
660 1031 762 1113 essent?
800 1035 906 1098 Contra
917 1037 1012 1099 Deum

148 1131 216 1194 licet
227 1133 362 1211 disputare
371 1129 493 1190 liberitls.
531 1130 567 1190 Iu
578 1127 725 1190 homiuum
738 1131 811 1193 vitiis
828 1134 868 1193 ais
885 1132 940 1194 esse
951 1134 1014 1196 cul·
1030 1199 1032 1204 ¹

153 1252 227 1310 pam.
247 1224 317 1290 Fam
326 1227 441 1313 dedisses
451 1225 613 1290 hominibus
625 1221 772 1305 rationem,
789 1251 859 1310 quae
871 1227 939 1295 vitia
949 1233 1012 1292 cul-

150 1349 267 1408 pamque
278 1329 443 1392 excluderet.
483 1326 543 1388 Ubi
564 1326 647 1410 igitur
668 1327 747 1392 locus
764 1327 818 1388 fuit
830 1328 916 1394 errori
935 1329 1013 1390 Deo-

149 1443 212 1488 rum
226 1434 237 1484 ἲ
266 1447 330 1488 nam
353 1423 517 1506 patrimonia
537 1426 582 1505 spe
595 1425 667 1486 bene
679 1426 806 1488 tradendi
817 1425 1013 1506 relinquimus;

148 1545 202 1604 qua
216 1523 355 1604 possumus
367 1523 450 1584 falli:
479 1523 559 1584 Deus
573 1522 636 1584 falli
648 1521 694 1604 qui
706 1524 817 1602 potuit?
846 1525 894 1586 An
907 1541 938 1586 ut
950 1519 1014 1600 Sol,

34 1638 39 1649 ‘
148 1619 179 1682 in
190 1644 300 1685 crurum
313 1624 379 1686 etim
388 1623 589 1684 Phaethontem
599 1621 690 1683 filium
700 1623 820 1684 sustulit:
832 1641 880 1686 aut
889 1641 921 1686 ut
932 1627 1011 1706 Nep-

149 1735 242 1794 tunus,
260 1722 325 1780 etim
338 1719 465 1782 Theseus
474 1718 659 1800 Hippolytum
672 1718 804 1798 perdidit,
821 1722 948 1784 cirmxter
961 1741 1012 1800 op-

146 1819 225 1878 tandi
237 1819 252 1878 d
265 1819 400 1894 Neptuno
411 1833 486 1895 patre
498 1816 633 1900 habuisset
645 1818 821 1896 potestatem?
864 1819 1012 1880 Poetarum
1113 1801 1117 1808 ⁴

151 1909 201 1970 ista
214 1912 292 1972 sunt:
311 1931 364 1974 nos
375 1928 467 1972 autem
479 1911 638 1992 philosophi
650 1909 704 1972 else
717 1913 853 1989 volumus,
864 1934 1012 1976 rerumau·
1113 1952 1115 1954 -

151 2009 253 2083 eiures,
265 2029 322 2068 nou
334 2007 500 2070 fabularum.
537 2011 633 2088 Atque
643 2007 665 2070 ii
676 2026 768 2072 tamen
780 2011 829 2090 ipst
842 2012 883 2074 Dt
896 2009 1020 2092 poetici„

122 2094 127 2102 ’
147 2107 168 2167 fi
182 2105 287 2167 scissent
295 2097 516 2190 perniciosasore
529 2105 579 2166 illa
592 2107 670 2183 filiis,
687 2109 809 2187 peccasse
830 2105 1011 2171 inbenefieio

146 2218 314 2284 putarentur.
353 2201 401 2275 Er,
420 2199 461 2276 (st
474 2203 715 2281 verumest,-quod
728 2201 824 2261 Aristo
833 2199 922 2258 Chius
934 2202 1012 2260 dice·
1048 2277 1050 2282 ι

147 2299 304 2371 resolebat,
322 2319 422 2359 nocere
435 2300 608 2358 audientibus
625 2294 806 2373 philosophos
817 2295 862 2370 iis,
881 2295 928 2374 qui
941 2294 1012 2360 benit
1067 2287 1069 2291 ¹

145 2395 222 2460 dista
234 2395 306 2452 male
320 2393 532 2468 interpretantur
540 2413 549 2462 ;
567 2391 642 2472 posse
658 2393 732 2454 enim
747 2392 836 2452 asotos
847 2415 882 2458 ex
892 2393 1013 2474 Aristip-
1025 2424 1053 2474 7
1068 2378 1070 2387 Α

145 2494 186 2576 pi,
206 2490 342 2554 acerbose
354 2488 474 2550 Zenonis
486 2489 579 2550 schola
591 2489 688 2567 exire)
707 2491 825 2572 prorsus,
844 2489 875 2566 li,
894 2492 942 2572 qui
960 2513 1010 2554 au-

145 2592 266 2664 dierunt,
286 2587 374 2650 vitiosi
387 2587 471 2649 esseut
483 2584 630 2666 discessuri,
650 2589 721 2670 quod
739 2588 866 2670 perverse
884 2590 1009 2672 philoso-

144 2691 266 2772 phorum
278 2683 487 2766 disputationem
502 2685 763 2766 interpretarentur3
783 2706 872 2750 tacere
890 2690 1009 2770 praesia-

143 2805 187 2851 ret
201 2785 364 2868 philosphia,
382 2786 462 2866 quim
474 2785 518 2861 iis,
540 2784 588 2864 qui
601 2787 626 2846 se
638 2785 779 2862 audissent,
790 2807 906 2850 nocere:
928 2787 1008 2864 stc,si

146 2885 275 2952 homines
287 2883 434 2958 rationem,
447 2882 524 2943 bono
536 2882 652 2944 consilio
664 2887 678 2944 a*
691 2883 745 2947 Dis
757 2884 947 2950 inmortalibus
959 2887 1008 2946 da-

143 3001 212 3060 tam,
230 2985 260 3046 in
272 2983 395 3044 fraudem
409 2980 595 3060 malitiamque
607 2999 776 3043 convertunt
783 3004 792 3055 ;
820 3003 877 3044 uon
896 2983 957 3043 dari
968 2982 1007 3042 il-

144 3085 215 3158 lam,
234 3082 315 3162 quam
328 3080 388 3141 dari
400 3082 522 3140 humano
534 3079 630 3162 generi
643 3079 741 3140 melius
751 3080 810 3140 sirit.
850 3080 901 3155 Ut,
914 3078 933 3141 li
946 3103 1006 3142 me·
1063 3153 1066 3158 Ι

144 3181 223 3246 dicus
233 3179 309 3254 sciat,
327 3198 392 3240 eum
404 3195 558 3262 aegrotum,
576 3177 625 3256 qui
632 3177 717 3260 jussus
733 3179 766 3240 su
778 3178 873 3244 vinum
886 3180 1002 3254 sumere,
1055 3163 1067 3189 ³

146 3277 280 3340 meracius
304 3277 484 3355 sumpturum,
516 3275 657 3356 statimque
697 3277 848 3358 periturum
855 3299 865 3352 ;
904 3298 1003 3360 magua

145 3373 180 3436 fit
210 3371 240 3432 in
270 3372 367 3452 culpa:
394 3371 432 3432 stc
465 3374 551 3433 vestra
582 3371 631 3432 ista
656 3372 834 3452 providentia·
855 3375 1004 3453 reprehen-
1075 3382 1077 3386 ’

143 3472 246 3545 denda,
277 3489 346 3550 quae
371 3469 508 3532 rationem
543 3471 650 3534 dederit
680 3472 725 3548 iis,
757 3495 825 3552 quos
855 3473 946 3534 scierit
968 3490 1001 3528 ea
1135 3465 1138 3473 ’

143 3566 269 3652 perversi
294 3571 326 3632 dt
355 3566 471 3650 inprobi
495 3568 595 3652 usuros.
634 3567 695 3632 Nisi
721 3570 791 3632 fortb
824 3568 914 3659 dicitis
940 3585 1002 3626 eam

769 3659 775 3668 ’
943 3655 1062 3727 nescisse
